3675 5567
829 543 983 610 niniioos
1001 558 1024 610 L

318 752 429 822 Parte
450 749 519 822 aha
535 749 683 845 fugiens
705 750 845 822 amissis
869 750 1016 822 Treilus
1035 749 1155 832 armiS,

320 860 454 933 Infelix
473 885 575 958 puer,
596 869 702 956 atque
723 872 845 957 inipar
864 885 1080 958 congressus
1099 859 1246 947 Achilli,
1463 879 1520 935 475

318 974 450 1045 Fertur
469 973 582 1071 equis,
603 977 800 1069 curruque
819 972 936 1044 haeret
954 972 1143 1069 resupinus
1164 971 1283 1059 inani,

317 1084 415 1156 Lera
433 1093 558 1157 tenens
579 1093 721 1170 tamen3
751 1083 843 1156 huic
865 1107 986 1155 cervix
1005 1109 1074 1181 que
1094 1108 1209 1156 comae
1229 1107 1300 1178 que
1321 1084 1518 1159 trahuntur

317 1197 389 1268 Per
408 1205 553 1284 terram,
574 1207 611 1267 et
629 1207 731 1268 versa
750 1195 869 1291 pulvis
888 1195 1101 1268 inscribitur
1119 1195 1234 1269 hasta.

317 1309 465 1380 Intereat
483 1308 529 1380 ad
549 1307 726 1403 templum
744 1317 817 1378 non
837 1331 955 1402 aequae
975 1306 1134 1380 Palladis
1153 1308 1256 1379 ibant

315 1420 492 1492 Crinibus
512 1404 645 1490 iliades
663 1419 787 1514 passis
807 1419 955 1515 peplum
973 1443 1043 1515 que
1061 1417 1225 1490 serebant
1458 1441 1515 1495 400

317 1531 540 1627 Suppliciter
559 1535 696 1617 tristeS,
717 1541 754 1602 et
773 1541 892 1602 tunsae
910 1543 1056 1626 pectora
1075 1530 1229 1627 palmis:

317 1642 413 1714 Diva
431 1643 506 1714 sole
525 1642 624 1747 fines
644 1641 765 1714 ocules
785 1653 909 1715 eversa
930 1641 1089 1713 tenebat.

317 1753 395 1824 Ter
414 1778 555 1826 circum
577 1755 709 1826 iliacos
726 1762 930 1850 raptaverat
953 1753 1114 1825 Hectora
1133 1756 1267 1841 mures,

316 1865 549 1937 Exanimum
569 1891 640 1962 que
660 1873 748 1937 aure
768 1889 898 1960 corpus
917 1865 1096 1937 vendebat
1117 1864 1290 1941 Achilles,

317 1977 416 2048 Tum
438 1983 525 2050 vero
545 1986 733 2073 ingentem
753 1992 933 2072 gemitum
953 1977 1016 2049 dat
1034 1984 1179 2073 pectore
1200 1978 1245 2049 ab
1263 1979 1352 2065 ime,
1457 2002 1514 2055 485

316 2088 372 2158 Ut
391 2088 517 2185 spolia,
537 2101 578 2160 ut
596 2093 732 2177 currus,
753 2097 881 2186 utque
900 2112 1022 2184 ipsum
1042 2112 1171 2184 corpus
1190 2090 1307 2175 amici,

317 2200 546 2273 Tendentem
568 2225 636 2299 que
655 2205 782 2272 manus
803 2203 990 2271 Priamum
1009 2209 1197 2296 conspexit
1215 2210 1389 2276 inermes.

316 2310 364 2382 Se
384 2336 527 2409 quoque
546 2311 771 2408 principibus
792 2324 1023 2408 permixtum
1042 2320 1191 2407 agndvit
1211 2312 1374 2404 Achivis,

316 2412 414 2495 ans
434 2449 503 2521 que
522 2429 629 2507 acies,
650 2432 687 2495 et
708 2423 810 2518 nigri
830 2423 1044 2495 Memnonis
1065 2448 1174 2494 arma.

315 2537 435 2607 Ducit
454 2536 725 2607 Amazonidum
745 2534 881 2607 lunatis
901 2559 1055 2629 agmina
1073 2535 1182 2633 peltis
1459 2557 1515 2610 400

317 2645 549 2718 Penthesilea
569 2645 705 2737 furens,
725 2645 945 2741 mediisque
965 2670 1007 2717 in
1030 2646 1199 2718 millibus
1217 2647 1330 2734 ardet,

314 2757 439 2828 Aurea
456 2758 675 2830 subnectens
695 2767 850 2829 exsertae
871 2758 1018 2852 cingula
1037 2782 1206 2830 mammae

316 2868 511 2956 Bellatrix,
531 2869 643 2941 audet
663 2894 734 2965 que
752 2868 836 2942 viris
855 2892 1068 2941 concurrere
1087 2892 1197 2962 virgo

373 2981 467 3052 Haeo
486 2981 573 3052 dum
593 2981 779 3054 Dardanii)
796 2980 930 3052 AEneae
948 2979 1112 3051 miranda
1131 2980 1312 3073 videntur,

316 3092 415 3163 Dum
435 3101 568 3189 stupet,
589 3093 720 3165 obtutu
738 3116 806 3189 que
826 3092 942 3163 haeret
961 3089 1105 3162 defixus
1123 3116 1164 3162 in
1183 3097 1270 3180 une,
1458 3114 1515 3169 495

316 3203 460 3299 Regina
477 3205 524 3276 ad
542 3204 721 3301 templum
739 3203 856 3275 forma,
874 3202 1120 3298 pulcherrima
1139 3203 1234 3276 Dide

315 3317 478 3398 Incessit,
501 3326 632 3411 magna
644 3339 818 3412 Juvenum
839 3315 995 3410 stipante
1015 3325 1168 3387 caterva.

316 3425 444 3508 Qualis
462 3451 504 3499 1n
523 3431 670 3500 Euretae
689 3426 774 3523 ripis
794 3437 858 3497 aut
878 3451 944 3522 per
958 3450 1048 3520 Juga
1065 3427 1200 3522 Cynthi

317 3539 476 3610 Exercet
495 3537 620 3613 Diana
639 3538 779 3625 choros,
800 3562 909 3632 quam
929 3538 1034 3609 mille
1054 3542 1190 3611 secutae

316 3650 549 3744 Hinc·atque
568 3650 661 3722 hinc
680 3649 930 3740 glomerantur
941 3649 1117 3736 Oreades3
1139 3651 1204 3723 illa
1222 3653 1429 3748 pharetram
1458 3676 1514 3728 500

316 3762 405 3833 Fert
424 3760 587 3848 humero,
607 3761 776 3857 gradiens
798 3785 867 3857 que
887 3760 972 3832 deas
993 3767 1248 3857 supereminet
1269 3770 1419 3853 omnes;

316 3873 469 3945 Latonae
489 3884 639 3947 taciturn
658 3879 867 3969 pertentant
886 3872 1017 3966 gaudia
1035 3882 1171 3968 pectus

316 3985 419 4057 Telis
439 3995 516 4057 erat
539 3986 635 4057 Dido
646 4011 655 4071 ;
685 3984 793 4056 telem
813 3989 851 4054 se
871 3985 960 4057 laeta
978 3983 1116 4056 ferebat

317 4099 388 4168 Per
405 4097 558 4184 medies,
577 4106 717 4168 instans
737 4095 836 4190 operi
857 4095 978 4189 regnis
998 4119 1070 4190 que
1089 4095 1229 4170 futiiris.

316 4209 415 4280 'l'uin
434 4205 568 4280 foribus
587 4209 691 4292 divae,
709 4206 833 4277 media
852 4205 1040 4278 testudine
1059 4209 1197 4304 templi,
1460 4230 1514 4283 505

316 4320 430 4416 Septa
450 4321 569 4411 armis,
590 4319 679 4391 solie
699 4342 768 4412 que
788 4318 860 4390 alte
880 4317 1037 4389 subnixa
1054 4319 1203 4391 resedit.

314 4432 335 4503 J
339 4435 406 4503 ura
427 4431 548 4518 dabat,
567 4430 667 4527 leges
685 4454 754 4526 que
774 4429 880 4515 viris3
910 4453 1062 4525 operum
1080 4453 1151 4523 que
1168 4431 1331 4502 laborem

314 4541 486 4615 Partibus
504 4543 674 4638 aequabat
688 4540 810 4636 Justis,
831 4551 895 4613 aut
913 4550 1010 4611 sorte
1029 4541 1208 4613 trahebat.

312 4655 443 4746 Quum
464 4655 584 4727 subito
603 4653 736 4725 AEneas
755 4656 932 4725 concursu
969 4651 1140 4723 accedere
1159 4662 1292 4750 magne

315 4766 478 4850 Anthea,
501 4766 707 4862 Sergestum
729 4791 797 4861 quc
817 4765 914 4835 videt
935 4762 1064 4833 fortem
1085 4789 1153 4862 quc
1176 4767 1411 4855 Cloanthum,
1463 4787 1532 4857 5103
