3675 5567
374 571 419 639 66
902 553 1053 630 vinoinii

378 774 501 850 Nocte
520 779 713 871 premunt;
734 770 834 867 quod
848 793 927 866 Jam
945 767 1102 841 tenebris
1121 776 1159 841 et
1177 765 1252 840 sole
1273 766 1438 855 cadente,

379 886 456 962 Sub
476 888 597 960 liicem
615 891 811 981 exportans
831 879 982 954 calathis
1001 880 1076 953 adit
1095 878 1227 977 oppida
1244 886 1380 976 pastor,
1506 882 1508 889 '

379 1002 459 1074 Aut
477 1004 588 1096 parco
608 994 684 1069 sale
703 1000 935 1089 contingunt,
955 992 1065 1065 hiemi
1085 1016 1156 1089 que
1174 998 1366 1090 reponunt

436 1111 519 1184 Nec
537 1109 602 1181 tibi
623 1111 712 1181 citra
731 1129 863 1179 canum
881 1103 991 1177 fuerit
1012 1108 1221 1201 postrema3
1251 1101 1318 1175 sed
1337 1106 1413 1175 rino

382 1220 527 1293 Volocis
547 1220 689 1318 Spartae
710 1217 848 1291 catulos
867 1225 990 1290 ocrem
1008 1241 1082 1312 que
1102 1214 1308 1288 Molossum
1523 1229 1596 1297 405ι

383 1335 497 1408 Pasce
515 1339 596 1404 sero
613 1329 766 1430 pingui;
795 1352 994 1427 nunquam,
1014 1326 1222 1400 custodibus
1241 1325 1322 1413 illis,

381 1445 618 1518 Nocturnum
636 1440 786 1515 stabulis
804 1439 933 1528 liirem,
954 1442 1129 1513 incursus
1148 1463 1219 1536 que
1238 1436 1418 1535 luporum,
1556 1530 1559 1536 Ι

385 1557 462 1631 Aut
479 1561 682 1652 impacatos
700 1562 723 1626 a
741 1560 843 1649 tergo
861 1551 1025 1625 horrebis
1046 1551 1180 1623 lberos.

385 1667 492 1765 Saepe
512 1675 622 1739 etiam
641 1668 752 1738 cursi'i
770 1663 928 1737 timidos
947 1663 1098 1759 agitabis
1117 1669 1280 1758 onagros,

384 1778 436 1852 Et
455 1776 608 1851 canibus
626 1776 800 1874 leporem,
821 1776 978 1848 canibus
996 1773 1175 1848 venabere
1195 1772 1331 1848 damas.
1528 1792 1589 1848 410

385 1889 493 1988 Saepe
511 1886 709 1963 volutabris
727 1886 850 1985 pulsos
868 1886 1091 1960 silvestribus
1108 1893 1214 1982 apros

382 2000 539 2075 Latratu
557 1999 718 2073 uirbabis
737 2022 856 2093 agens
878 2003 1022 2070 montes
1040 2021 1110 2095 que
1127 2021 1193 2093 per
1212 1998 1304 2072 altos

385 2113 576 2208 Ingentem
597 2110 754 2184 clamore
773 2115 916 2207 premes
936 2109 981 2182 ad
1001 2114 1092 2182 rotia
1111 2133 1267 2184 cervum.

443 2223 552 2296 Disce
573 2231 610 2295 et
628 2221 816 2295 odoratam
836 2220 987 2295 stabulis
1006 2218 1207 2295 accendere
1226 2222 1388 2312 cedrum,

385 2334 574 2407 Galbaneo
593 2358 664 2432 que
684 2343 821 2429 agitore
838 2338 967 2429 graves
986 2331 1112 2405 nidore
1132 2332 1338 2431 chelydros.
1529 2352 1590 2408 415

384 2445 493 2542 Saepe
512 2445 583 2518 sub
603 2444 764 2517 immotis
783 2444 1012 2543 praesepibus
1031 2453 1096 2517 aut
1113 2446 1210 2519 mala
1228 2451 1331 2520 tacui

384 2555 521 2656 Vipera
540 2556 704 2643 delituit,
723 2556 854 2630 coelum
875 2581 946 2654 que
965 2564 1143 2629 exterrita
1161 2555 1274 2654 lugit;

384 2670 460 2741 Aut
477 2676 574 2742 teoto
594 2673 760 2741 assuetus
779 2667 929 2741 coluber
946 2668 1145 2742 succedere
1164 2679 1201 2743 et
1221 2671 1374 2758 umbrae,

385 2781 504 2854 Pestis
522 2781 654 2853 acerba
673 2779 797 2870 bourn,
815 2779 941 2877 pecori
959 2805 1027 2877 que
1048 2780 1264 2880 adspergere
1283 2782 1398 2870 virus,

384 2893 490 2965 Fovit
509 2892 685 2966 humum:
715 2917 805 2990 cape
823 2916 910 2966 saxa
930 2895 1054 2979 manii,
1073 2916 1162 2990 cape
1179 2893 1319 2983 robora,
1340 2903 1476 2990 pastor,
1530 2914 1591 2969 420

385 3003 594 3077 Tollentem
614 3029 687 3101 que
705 3014 832 3078 minos
852 3014 889 3078 et
908 3004 1015 3078 sibila
1034 3004 1128 3077 colla
1146 3013 1350 3079 tumentem

383 3114 535 3210 DeJice;
561 3140 638 3212 Jam
656 3142 726 3214 que
744 3116 829 3212 fuga
848 3115 1027 3190 t1m1dum
1048 3125 1160 3214 caput
1178 3116 1316 3192 abdidit
1335 3118 1409 3192 alte

382 3226 508 3317 Quum
527 3227 640 3299 medii
658 3231 787 3315 neritia,
808 3235 1074 3324 extremaeque
1094 3252 1246 3323 agmina
1266 3230 1393 3304 caudae

386 3335 599 3426 Solvuntur,
619 3338 741 3411 tardos
760 3363 828 3436 que
847 3338 960 3412 trahit
978 3362 1086 3411 sinus
1104 3339 1259 3413 ultimus
1280 3343 1396 3416 orbos.

383 3448 451 3521 Est
471 3458 581 3520 etiarn
601 3449 660 3522 ille
677 3449 800 3522 malus
816 3451 980 3524 Calabris
999 3474 1044 3522 iii
1063 3450 1211 3524 saltibus
1231 3477 1374 3549 anguiS,
1530 3472 1589 3529 425

387 3557 571 3656 Squamea
591 3562 813 3635 convolvens
832 3561 976 3636 subiato
994 3570 1142 3659 pectore
1161 3573 1276 3660 terga,

384 3675 508 3769 Atque
526 3671 621 3746 notis
640 3674 788 3770 longam
807 3674 1016 3748 maculosus
1035 3674 1230 3770 grandibus
1249 3676 1393 3765 alvum3

390 3782 474 3875 Qui,
496 3782 581 3855 dum
601 3790 727 3859 amnes
745 3786 811 3860 nlli
829 3795 1051 3883 rumpuntur
1069 3786 1240 3876 fontibus
1262 3796 1299 3861 et
1317 3788 1405 3863 dum

385 3894 483 3968 Vere
502 3895 652 3968 madent
670 3897 744 3970 iido
761 3906 883 3987 terrae,
901 3908 944 3972 ac
962 3897 1185 3995 pluvialibus
1209 3901 1362 3989 Austris

388 4006 528 4103 Stagna
546 4006 649 4095 colit,
669 4009 755 4106 ripis
774 4033 845 4109 que
866 4010 1045 4097 habitam,
1066 4008 1125 4083 hic
1143 4011 1300 4109 piscibus
1319 4022 1436 4086 atram
1531 4032 1592 4087 430

389 4117 582 4218 Improbus
600 4119 805 4216 ingluviem
825 4120 1009 4217 ranisque
1029 4121 1237 4219 loquacibus
1255 4123 1388 4221 explet.

385 4229 582 4328 Postquam
601 4239 732 4304 exusta
749 4231 864 4329 paliis,
883 4242 994 4305 terrae
1012 4257 1081 4330 que
1101 4234 1227 4306 ardore
1248 4234 1454 4326 dehiscunt,

386 4341 520 4414 Exs1lit
539 4365 584 4414 iii
608 4367 765 4426 siccum,
787 4354 823 4416 et
841 4344 1068 4418 flammantia
1085 4344 1233 4419 lomina
1251 4355 1424 4443 torquens

388 4449 504 4525 Saevit
521 4452 626 4548 agris,
646 4479 751 4552 asper
770 4480 839 4554 que
860 4458 921 4530 siti
940 4465 1050 4556 atque
1069 4465 1264 4530 exterritus
1284 4461 1391 4533 aestii.

386 4563 449 4636 Ne
467 4563 564 4638 mihi
584 4573 663 4640 tum
682 4567 811 4641 molles
831 4568 895 4642 sub
915 4568 976 4641 dio
996 4593 1143 4668 carpere
1164 4576 1326 4657 somnos,
1534 4589 1594 4646 435

387 4674 473 4747 Neu
493 4674 599 4750 dorso
617 4701 780 4753 nemoris
799 4678 911 4754 libeat
926 4705 1086 4777 Jacuisse
1105 4703 1171 4778 per
1190 4679 1333 4769 herboS,

386 4786 511 4880 Quum
529 4788 658 4886 positis
677 4813 790 4864 novus
810 4790 951 4865 exuviis
970 4793 1108 4866 nitidus
1127 4817 1197 4891 que
1210 4801 1367 4888 juventa
