3675 5567
380 565 450 638 134
913 565 1062 637 vmaim'i

379 775 427 849 Se
447 797 516 876 que
535 781 628 849 nove
647 784 811 850 veterum
829 774 1023 873 deceptum
1041 780 1160 847 errere
1179 773 1353 850 locemm.

379 887 478 962 Tum
496 896 696 961 memorat:
726 885 852 962 ‘Nate
872 871 1000 961 iliacis
1019 894 1177 959 exercite
1194 885 1293 977 fetis,

380 998 467 1072 Sola
485 993 581 1073 mihi
601 999 694 1073 tales
712 1002 817 1073 cesus
836 998 1042 1073 Cassandra
1059 997 1234 1072 canebat:

378 1110 492 1184 Nunc
511 1118 637 1207 repeto
656 1109 737 1184 haec
756 1109 881 1208 generi
897 1109 1115 1207 portendere
1134 1108 1260 1184 debita
1278 1119 1427 1202 nostre;

378 1224 428 1296 Et
445 1242 541 1319 saepe
561 1222 788 1319 Hesperiam,
807 1245 904 1320 saepe
924 1204 1021 1295 Itala
1038 1244 1151 1319 regna
1168 1230 1310 1297 vocere.
1527 1238 1583 1295 isa

380 1331 454 1406 Sed
473 1356 558 1430 quis
576 1333 623 1406 ad
642 1333 833 1433 Hesperiae
852 1336 1024 1406 ventures
1042 1333 1169 1406 littora
1186 1334 1346 1409 Teucros

377 1442 582 1520 Crederet?
609 1454 674 1518 aut
691 1469 800 1545 quem
819 1454 898 1518 tum
918 1449 1019 1518 vetes
1035 1443 1240 1518 Cassandra
1257 1444 1451 1520 moveret?

378 1554 560 1632 Cedemus
579 1555 732 1646 Phoebo,
753 1565 790 1630 et
809 1555 945 1630 moniti
963 1554 1112 1630 melidra
1129 1559 1348 1651 sequamur?

379 1667 440 1741 Sic
459 1676 536 1756 ait3
564 1674 602 1741 et
621 1667 742 1742 cuncti
761 1667 865 1742 dictis
882 1672 1052 1766 paremus
1070 1672 1233 1742 ovantes.

379 1778 487 1853 Hanc
506 1803 648 1878 quoque
667 1778 874 1853 deserimus
892 1777 1029 1865 sedem,
1048 1777 1258 1877 paucisque
1278 1777 1420 1854 relictis
1524 1795 1581 1852 190

379 1889 473 1963 Vela
491 1889 630 1980 damus,
648 1899 790 1966 vastum
808 1914 877 1989 que
896 1898 986 1963 cave
1003 1889 1106 1964 trabe
1126 1913 1309 1965 currimus
1327 1914 1464 1991 aequor.

436 2003 630 2103 Postquam
650 2002 767 2076 altum
784 2007 934 2075 tenuere
946 2005 1061 2088 rates,
1081 2025 1149 2075 nec
1163 2025 1242 2097 Jam
1260 2003 1419 2100 amphus
1437 2001 1524 2076 ullae

378 2113 568 2211 Apparent
586 2123 707 2200 terrae,
727 2113 861 2187 coelum
879 2110 1045 2209 undique
1065 2121 1103 2187 et
1120 2113 1282 2210 und1que
1301 2121 1456 2212 pontus:

379 2224 478 2297 Tum
496 2224 595 2297 m1h1
614 2223 789 2299 caeruleus
807 2232 916 2320 supre
934 2234 1045 2321 caput
1063 2225 1206 2299 adstitit
1223 2226 1355 2318 imber,

378 2337 540 2410 Noctem
556 2334 715 2409 hiemem
730 2360 800 2432 que
814 2333 994 2423 reienses
1011 2335 1201 2410 inhorruit
1218 2337 1318 2411 unda
1335 2335 1510 2410 tenebris,
1525 2353 1581 2411 lua

379 2447 566 2521 Continue
582 2447 682 2522 venti
698 2447 848 2522 volvunt
865 2470 978 2534 mare,
997 2471 1130 2544 magna
1147 2472 1217 2546 que
1234 2457 1388 2547 surgunt

377 2555 566 2658 AEquora:
595 2558 748 2658 dispersi
762 2567 946 2657 jactemur
964 2569 1108 2655 gurgite
1128 2567 1241 2633 vasto.

378 2668 568 2744 Involvere
586 2670 687 2745 diem
706 2658 849 2758 nimbij
861 2678 898 2743 et
917 2693 993 2743 nox
1010 2667 1169 2744 humida
1187 2673 1321 2746 coelum

377 2780 559 2856 Abstulit:
588 2791 826 2880 ingeminant
844 2780 1007 2880 abruptis
1024 2782 1179 2856 nubibus
1198 2788 1313 2880 ignes.

377 2891 602 2968 Excutimur
620 2899 738 2982 cursu,
757 2904 795 2968 et
812 2893 918 2967 eaecis
938 2903 1100 2967 erremus
1118 2918 1162 2966 in
1179 2894 1299 2968 undis.
1524 2914 1582 2970 200

378 3005 461 3102 Ipse
480 3003 576 3080 diem
594 3013 742 3080 noctem
760 3031 831 3103 que
850 3013 961 3102 negat
980 3004 1186 3079 discernere
1207 3007 1314 3094 coele,

378 3116 458 3190 Nec
477 3140 694 3191 meminisse
713 3142 782 3192 viae
800 3116 926 3191 medie
945 3117 1144 3190 Palinurus
1165 3142 1210 3191 in
1228 3118 1338 3192 unde.

379 3228 472 3300 Tres
491 3228 583 3302 adeo
602 3238 765 3303 incertos
783 3239 881 3304 caece
900 3228 1062 3325 caligine
1082 3228 1174 3303 seles

377 3339 551 3414 Erremus
569 3341 711 3438 pelage,
730 3340 885 3415 totidem
902 3364 984 3413 sine
1003 3340 1120 3413 sidere
1140 3346 1275 3414 noctes.

380 3452 520 3544 Quartd
537 3461 634 3526 terra
651 3451 711 3525 die
730 3452 887 3549 primum
905 3456 944 3524 se
963 3450 1129 3524 attollere
1149 3452 1298 3525 tandem
1523 3473 1582 3528 205

378 3562 478 3652 Visa,
498 3564 638 3663 aperire
655 3564 781 3662 procul
799 3570 956 3652 montes,
975 3572 1018 3637 ec
1036 3563 1181 3638 volvere
1199 3563 1354 3638 siimum.

287 3689 291 3698 '
378 3673 472 3772 Vela
490 3675 649 3764 cadunt3
676 3676 785 3749 remis
802 3698 1053 3773 insurgimus3
1079 3675 1178 3749 haud
1196 3699 1312 3764 mora,
1341 3681 1465 3749 nautae

380 3785 526 3860 Adnixi
545 3795 716 3888 torquent
734 3791 892 3884 spumea
911 3796 950 3860 et
968 3787 1103 3860 caerula
1121 3797 1281 3861 verrunt.

381 3898 573 3972 Servatum
591 3921 638 3971 ex
656 3897 764 3971 undis
784 3897 1031 3996 Strophadum
1050 3904 1109 3970 me
1127 3899 1252 3972 littora
1269 3897 1427 3996 primum

376 4008 588 4116 Accipiunt.
608 4053 611 4059 -
647 4008 869 4108 Strophades
890 4011 1001 4084 Greie
1018 4017 1117 4083 stant
1136 4019 1289 4083 nemine
1309 4010 1430 4100 dictae,
1523 4024 1582 4084 210

380 4121 517 4196 Insulae
538 4122 649 4196 lome
667 4145 710 4194 in
729 4129 886 4218 magne;
914 4131 1005 4218 ques
1023 4120 1100 4194 dira
1117 4123 1281 4209 Celaene,

376 4231 553 4331 Harpyiae
573 4258 643 4332 que
662 4234 788 4307 colunt
805 4232 896 4322 aliae,
917 4234 1069 4307 Phineia
1086 4228 1283 4331 postquam

377 4344 512 4419 Clausa
530 4345 672 4433 domus,
690 4354 833 4419 menses
852 4368 923 4440 que
941 4349 1044 4420 metii
1061 4343 1200 4441 liquere
1219 4349 1365 4442 priores

379 4454 538 4530 Tristius
553 4456 654 4531 haud
673 4457 746 4530 illis
764 4465 979 4546 monstrum,
1000 4480 1066 4530 neo
1085 4480 1221 4530 saevior
1238 4457 1316 4530 ulla

377 4568 495 4641 Pestis
514 4575 552 4641 et
568 4568 622 4642 ira
641 4568 751 4642 deilm
772 4568 910 4665 Stygiis
927 4573 1006 4642 sese
1026 4568 1158 4642 extulit
1174 4567 1297 4642 undis.
1524 4588 1584 4645 215

377 4678 543 4775 Virginei
562 4679 751 4755 volucrum
767 4680 901 4769 vultus,
921 4679 1131 4755 foedissima
1148 4689 1287 4754 ventris
1662 4776 1666 4783 Ι

378 4791 577 4877 Preluvies,
598 4815 707 4867 uncae
726 4816 795 4891 que
814 4797 953 4882 maniis,
975 4803 1012 4867 et
1030 4791 1165 4890 pallida
1185 4813 1328 4890 semper
1366 4814 1377 4821 ··
1446 4817 1489 4824 ’··
1519 4862 1521 4869 ,
1544 4812 1551 4843 '-
