3675 5567
791 567 947 638 animos
964 587 1009 638 vi.

305 779 514 875 Imperium
534 774 652 862 terris,
673 783 819 854 animes
838 776 993 875 aequabit
1011 768 1183 875 Olympo,

307 889 455 987 Septem
475 913 543 986 que
563 891 637 961 una
656 887 723 960 sibi
741 891 845 961 mirre
864 888 1108 962 circumdabit
1126 894 1236 978 arces

307 1000 411 1074 Felix
429 1000 529 1097 prole
546 982 688 1085 virdm3
716 999 833 1097 qualis
853 1000 1100 1096 Berecynthia
1118 1010 1234 1075 mater
1452 1015 1510 1072 785

306 1111 500 1185 Invehitur
518 1114 626 1184 curru
647 1111 827 1206 Phrygias
847 1112 976 1185 turrita
993 1135 1059 1209 per
1076 1113 1197 1202 urbes,

304 1222 409 1296 Laeta
428 1223 539 1296 deiim
556 1225 676 1320 partu,
697 1230 845 1296 centum
864 1224 1058 1320 complexa
1077 1229 1242 1321 nepotes,

306 1336 443 1408 Omnes
463 1334 663 1421 coelicoleS,
682 1338 809 1407 omnes
829 1358 961 1432 supera
978 1334 1052 1407 alta
1072 1342 1253 1410 tenentes,

362 1446 448 1520 Hbc
467 1436 637 1542 geminas
658 1470 754 1518 nuno
773 1445 881 1519 flecte
901 1449 995 1519 acies
1007 1475 1017 1533 3
1045 1447 1141 1520 hano
1162 1472 1278 1546 aspioe
1298 1455 1460 1542 gentem,

305 1558 489 1632 Romanes
509 1582 579 1654 que
599 1565 699 1631 tues:
728 1555 788 1630 hic
809 1561 948 1646 Caesar,
968 1567 1005 1632 et
1025 1583 1141 1632 omnis
1161 1560 1231 1633 Iuli
1452 1577 1507 1632 790

306 1671 518 1764 Progenies,
538 1693 712 1766 magnum
731 1669 815 1744 coeli
830 1673 984 1742 ventura
1004 1670 1069 1742 sub
1088 1670 1207 1743 axem.

306 1779 378 1853 Hic
398 1805 463 1873 vir,
482 1780 545 1853 hio
565 1789 632 1868 est,
651 1781 718 1854 tibi
737 1805 844 1879 quem
858 1781 1030 1879 *promitti
1049 1806 1185 1878 saepius
1203 1782 1317 1872 audis,
1338 1776 1343 1867 '3

306 1896 495 1990 Augustus
511 1896 648 1980 Caesar,
667 1893 754 1966 Divi
773 1916 916 1989 genus3
945 1905 1057 1967 a'urea
1077 1893 1212 1966 condet

308 2004 449 2078 Saecula
467 2004 528 2102 qui
546 2028 672 2077 rursus
691 2004 814 2084 Laud,
833 2013 986 2100 regnata
1003 2029 1069 2103 per
1089 2029 1173 2079 aiva

308 2116 467 2189 Saturne
486 2115 690 2212 quondam;
721 2140 831 2215 super
850 2123 887 2187 et
907 2116 1148 2189 Garamantas
1167 2125 1204 2188 et
1223 2117 1336 2191 Indos
1454 2135 1510 2189 795

308 2227 473 2300 Proferet
492 2250 718 2324 1mperium3
743 2237 843 2324 Jacet
861 2235 966 2300 extra
984 2213 1101 2301 sidera
1119 2226 1242 2316 tellus,
1270 2218 1278 2232 ⁸

307 2339 423 2413 Extra
442 2338 528 2412 anni
548 2339 631 2412 solis
650 2363 721 2437 que
740 2350 826 2428 viae,
847 2339 911 2412 ubi
930 2338 1069 2413 eoelifer
1088 2339 1193 2413 Atlas

305 2452 425 2525 Axem
444 2450 597 2523 humero
616 2458 761 2548 torquet
777 2450 890 2525 stellis
909 2451 1123 2525 ardentibus
1142 2460 1283 2548 aptum.

305 2561 426 2659 Hujus
443 2586 484 2635 in
503 2563 702 2636 adventum
715 2587 794 2659 Jam
811 2586 911 2637 nuno
931 2571 969 2636 et
986 2563 1126 2660 Caspia
1144 2587 1257 2660 regna

308 2674 504 2771 Responsis
523 2674 675 2748 horrent
694 2674 830 2761 diviim,
850 2681 887 2746 et
905 2675 1058 2747 Maeotia
1075 2673 1198 2762 telluS,

305 2787 355 2857 Et
372 2785 653 2883 septemgemini
670 2786 819 2859 turbant
839 2786 982 2883 trepida
998 2796 1091 2859 ostia
1110 2785 1200 2860 Nili.

307 2898 390 2971 Neo
409 2903 495 2970 vero
517 2896 663 2971 Alcides
682 2906 824 2971 tantum
843 2896 984 2973 telluris
1004 2897 1137 2985 obivit,

306 3010 445 3095 Fixent
464 3008 662 3105 aeripedem
682 2995 825 3083 cervam
845 3007 944 3099 lieet,
964 3018 1028 3083 aut
1048 3008 1265 3106 Erymanthi

307 3120 453 3193 Pacent
470 3143 634 3204 nemora,
656 3130 694 3194 et
717 3119 876 3193 Lernam
895 3120 1143 3194 tremefecerit
1161 3125 1273 3207 areb3

305 3230 403 3316 Nec,
426 3232 486 3330 qui
503 3232 712 3331 pampineis
730 3239 847 3307 victor
861 3257 952 3329 Juga
968 3233 1087 3305 flectit
1106 3232 1268 3323 habenis,

308 3342 427 3432 Liber,
446 3369 557 3441 agens
572 3345 667 3418 celse
685 3344 801 3441 Nysae
821 3343 866 3416 de
886 3353 1020 3418 vertice
1039 3349 1173 3440 tigres:

305 3456 355 3528 Et
373 3455 586 3531 dubitamus
605 3456 725 3553 adhiic
744 3459 881 3530 virtute
901 3456 1100 3529 extendere
1119 3455 1239 3529 vires?

305 3568 381 3640 Aut
398 3577 520 3643 metus
539 3570 709 3642 Ausonia
726 3567 895 3666 prohibet
913 3577 1114 3641 consistere
1133 3567 1259 3640 terra?

362 3679 458 3770 Quis
476 3679 605 3776 procul
622 3679 684 3752 ille
703 3688 826 3753 autem
845 3680 955 3754 remis
973 3703 1129 3776 insignis
1148 3679 1252 3752 olivae

307 3790 419 3862 Sacra
436 3788 584 3864 ferens?
611 3789 724 3865 nosce
745 3791 862 3864 crines
880 3800 1015 3864 ineena
1032 3816 1101 3889 que
1120 3799 1246 3864 menta
1299 3848 1302 3852 »

308 3902 419 3998 Regis
439 3900 608 3985 Romani,
626 3902 762 3998 primus
780 3903 841 4002 qui
859 3903 1004 4000 legibus
1022 3903 1149 3976 urbem

308 4013 504 4100 Fundebit,
525 4011 679 4088 Curibus
697 4014 816 4111 parvis
836 4024 873 4089 et
891 4039 1050 4113 paupere
1070 4021 1168 4088 terra

307 4125 440 4199 Missus
457 4150 500 4198 in
518 4148 720 4223 imperium
738 4149 931 4222 magnum:
962 4150 1027 4200 cui
1045 4126 1181 4200 deinde
1199 4126 1343 4217 subibit,

307 4223 397 4312 Otia
415 4237 474 4334 qui
493 4244 638 4334 rumpet
656 4243 796 4334 patriae,
814 4239 950 4314 resides
968 4263 1039 4336 que
1055 4239 1221 4312 movebit

306 4348 434 4423 Tullus
454 4373 496 4421 in
515 4372 615 4421 arma
633 4355 740 4436 vires,
761 4357 798 4421 et
810 4374 887 4446 Jam
907 4352 1058 4425 desueta
1075 4349 1273 4446 triumphis

307 4462 495 4558 Agmina:
525 4485 634 4556 quem
648 4465 757 4556 Juxta
773 4470 942 4557 sequitur
954 4470 1151 4558 jactantior
1167 4461 1303 4549 Ancus,

308 4574 420 4646 Nunc
439 4596 583 4671 quoque
597 4596 676 4669 Jam
695 4595 857 4645 nimium
877 4573 1039 4670 gaudens
1057 4573 1295 4671 popularibus
1314 4574 1425 4648 auris.

309 4683 373 4754 Vis
392 4691 430 4756 et
449 4685 675 4783 Tarquinibs
693 4688 809 4781 regen,
828 4708 992 4759 animam
1012 4710 1082 4781 que
1103 4685 1297 4782 superbam

308 4795 447 4868 Ultoris
467 4796 582 4886 Bruti,
602 4796 718 4872 fasces
739 4821 809 4893 que
829 4796 950 4871 videre
969 4795 1157 4896 receptes?
