3675 5567
316 576 363 643 34
841 569 987 640 vmoinii

318 785 366 855 Et
385 787 535 881 prensos
553 779 736 853 domitare
754 778 877 871 boves,
895 787 932 852 et
949 777 1034 852 liora
1051 780 1138 852 telae

319 892 486 965 Addere:
514 899 611 964 nona
628 889 724 988 fugae
743 890 888 978 mehor,
906 899 1088 964 contraria
1106 888 1223 963 furtis.

377 1003 499 1077 Multa
518 1000 610 1077 adeb
629 1003 757 1102 gelida
775 1001 913 1076 melius
933 1006 971 1074 se
990 1010 1098 1075 nocte
1118 1001 1264 1091 dedere,

318 1117 397 1189 Aut
416 1139 529 1210 quum
548 1113 622 1187 sole
640 1125 736 1187 novo
755 1123 870 1188 terras
888 1121 1019 1186 irrorat
1038 1113 1149 1187 Eous.
1229 1123 1231 1127 ’

321 1227 442 1301 Nocte
461 1225 558 1300 leves
577 1226 713 1299 melius
734 1225 892 1323 stipulae,
914 1236 1023 1298 nocte
1043 1224 1144 1299 arida
1162 1231 1266 1321 prata

323 1338 540 1412 Tondentur
551 1365 562 1426 ;
589 1343 716 1411 noctes
734 1339 857 1411 lentus
876 1345 951 1410 nbn
971 1336 1105 1410 deficit
1120 1337 1265 1410 humor.

324 1452 372 1524 Et
391 1450 539 1547 quidam
557 1455 656 1523 seros
674 1438 819 1524 hiberni
838 1448 884 1522 ad
901 1449 1072 1521 luminis
1090 1453 1193 1544 ignes

324 1563 540 1659 Pervigilat,
559 1559 655 1634 serrb
674 1586 745 1657 que
764 1560 861 1634 faces
881 1559 1043 1658 inspicat
1060 1564 1182 1634 actito.

324 1675 470 1747 Interea
487 1675 638 1769 longum
659 1677 770 1747 cantu
788 1675 905 1747 solata
923 1671 1082 1744 laborem

323 1787 466 1882 Arguto
485 1808 619 1881 conjux
638 1793 819 1883 percurrit
838 1790 990 1882 pectine
1008 1783 1122 1871 telas3

323 1898 400 1971 Aut
417 1895 538 1970 dulcis
556 1895 668 1968 musti
686 1895 853 1969 Vulcano
872 1895 1051 1990 decoquit
1070 1894 1272 1982 humorem,
1463 1912 1523 1967 295

325 2008 375 2081 Et
392 2007 490 2081 foliis
509 2005 645 2079 undam
665 2007 799 2104 trepidi
817 2007 1011 2102 despumat
1030 2006 1145 2079 abbni.

381 2120 432 2193 At
449 2118 650 2194 rubicunda
666 2123 778 2193 Ceres
797 2118 916 2191 medio
934 2117 1133 2190 succiditur
1152 2120 1257 2206 aestu,

311 2212 375 2306 'nt
393 2230 517 2304 medio
535 2238 650 2303 tostas
669 2233 763 2305 aestu
782 2238 872 2303 terit
889 2240 974 2302 area
992 2228 1127 2326 fruges.

326 2342 461 2417 Nudus
480 2352 555 2428 ara,
577 2366 656 2416 sere
675 2340 816 2415 nudus:
845 2341 965 2413 hiems
981 2352 1114 2438 ignava
1132 2341 1275 2414 colono.

326 2454 536 2552 Frigoribus
553 2462 659 2551 parto
677 2454 851 2548 agricolae
869 2452 1082 2550 plerumque
1100 2452 1280 2540 fruuntur,
1464 2475 1524 2530 300

328 2567 463 2640 Mutua
481 2589 552 2662 que
569 2574 669 2638 inter
687 2569 725 2638 se
743 2565 820 2638 laeti
841 2564 1005 2638 convivia
1024 2568 1168 2638 curant.

328 2678 465 2751 Invitat
482 2676 642 2774 genialis
661 2675 793 2762 hiems,
815 2680 919 2751 ciiras
939 2700 1009 2773 que
1026 2678 1202 2750 resolvit:

325 2793 405 2864 Ceu
422 2813 557 2886 pressae
576 2813 687 2887 quum
701 2812 777 2884 Jam
796 2797 944 2885 portum
963 2792 1115 2883 tetigere
1135 2788 1281 2878 carinae,

326 2900 518 3000 Puppibus
536 2908 573 2973 et
591 2899 668 2974 laeti
687 2907 811 2973 nautae
832 2905 1045 2997 imposuere
1065 2908 1226 2974 coronas.

327 3012 401 3087 Sed
419 3021 543 3087 tamen
562 3020 600 3086 et
619 3021 772 3110 quernas
791 3011 942 3110 glandes
961 3018 1041 3085 tum
1061 3021 1242 3109 stringere
1261 3020 1418 3111 tempus,
1465 3030 1528 3085 305

204 3118 210 3126 ”
327 3126 378 3197 Et
396 3123 488 3198 lauri
504 3125 645 3213 baccas
666 3123 783 3197 oleam
802 3149 887 3221 que,
907 3133 1147 3223 cruentaque
1165 3131 1308 3221 myrta;

329 3237 426 3309 Tum
443 3235 599 3333 gruibus
616 3235 764 3333 pedicas
784 3244 820 3308 et
839 3239 932 3308 retia
949 3243 1083 3333 ponere
1103 3236 1230 3323 cervis

327 3348 473 3421 Auritos
491 3372 559 3447 que
577 3347 678 3444 sequi
695 3349 862 3442 lepores3
890 3354 969 3419 tum
988 3346 1104 3442 figere
1124 3347 1260 3435 damas

328 3461 466 3557 Stupea
483 3467 712 3557 torquentem
731 3458 898 3532 Balearis
914 3456 1064 3532 verbera
1081 3458 1216 3547 sundae,

329 3572 455 3654 Quum
472 3595 542 3644 nix
560 3571 635 3644 alta
649 3577 759 3665 Jacet,
778 3570 935 3665 glaciem
954 3593 1064 3668 quum
1081 3569 1244 3644 fliimina
1262 3571 1422 3646 trudunt.
1465 3591 1527 3646 310

383 3681 486 3774 Quid
504 3686 740 3779 tempestates
758 3680 923 3754 autumni
941 3692 978 3755 et
996 3679 1115 3756 sidera
1133 3681 1279 3757 dicam?

327 3794 463 3890 Atque,
480 3794 545 3866 ubi
557 3817 635 3890 Jam
653 3793 797 3866 brevior
816 3816 886 3888 que
906 3792 987 3866 dias
1007 3801 1044 3866 et
1061 3793 1210 3866 mollior
1228 3805 1349 3883 aestas,

330 3907 424 3989 Quae
441 3904 626 4001 vigilanda
643 3903 758 3978 viris?
784 3906 841 3979 vel
861 3928 972 4000 quum
991 3912 1070 3977 ruit
1089 3905 1320 3979 imbriferum
1339 3912 1413 3995 ver,

330 4019 459 4115 Spicea
472 4040 550 4113 Jam
569 4017 705 4113 campis
725 4040 834 4114 quum
852 4040 979 4089 messis
996 4015 1199 4106 inhorruit,
1218 4027 1255 4091 et
1273 4042 1384 4117 quum

331 4130 532 4204 Friimenta
549 4151 594 4200 1n
612 4127 718 4202 viridi
736 4129 872 4226 stipula
889 4128 1067 4201 lactentia
1083 4129 1258 4226 turgent?
1467 4147 1529 4203 315

331 4242 439 4339 saepe
458 4264 539 4336 ego,
556 4265 666 4338 quum
684 4237 784 4314 flavis
804 4247 997 4314 messorem
1015 4240 1209 4314 induceret
1227 4241 1320 4315 arvis

331 4353 519 4449 Agricola,
541 4362 578 4423 et
595 4350 713 4448 fragili
726 4375 803 4447 Jam
822 4359 1021 4448 stringeret
1038 4352 1177 4426 hordea
1194 4354 1327 4437 culmo,

331 4468 470 4538 Omnia
486 4471 676 4538 ventorum
694 4486 909 4538 concurrere
928 4467 1056 4561 praelia
1073 4463 1157 4552 vidi,

330 4578 424 4668 Quae
442 4573 625 4673 grauidam
642 4573 716 4649 late
735 4585 896 4673 segetem
916 4576 961 4648 ab
980 4576 1167 4650 radicibus
1185 4574 1266 4649 imis

333 4687 495 4762 Sublime
516 4688 704 4784 expulsam
725 4692 918 4774 eruerent;
947 4695 999 4760 ita
1017 4686 1163 4760 turbine
1182 4698 1289 4784 nigrd
1469 4709 1529 4765 320

260 4809 261 4813 ’
334 4802 460 4875 Ferret
478 4798 593 4872 hiems
613 4799 771 4872 culmum
793 4823 864 4895 que
881 4797 1002 4871 levem
1021 4799 1174 4896 stipulas
1193 4824 1262 4897 que
1281 4800 1457 4875 volantes.
