3675 5567
389 584 461 649 300
903 585 1052 648 vinerint

388 791 555 886 Occupat
573 797 614 861 os
632 787 759 862 saniem
780 813 849 885 que
867 791 1079 876 adversam3
1106 787 1244 886 poplite
1264 788 1433 862 Palmum

389 900 537 974 Succiso
555 901 652 974 volvi
671 924 819 996 segnem
838 910 955 989 simt3
983 925 1085 973 amia
1102 925 1174 996 que
1194 901 1313 974 Lauso
1541 919 1597 974 too

389 1014 514 1086 Donat
533 1012 667 1085 habere
687 1012 856 1099 humeris,
877 1023 915 1086 et
935 1023 1068 1086 vertice
1087 1011 1205 1108 ligere
1223 1022 1373 1085 cnstast

390 1123 560 1196 Necnon
582 1123 776 1197 Euanthen
799 1123 1016 1222 Phrygium,
1040 1124 1182 1197 Paridis
1200 1148 1269 1221 que
1288 1124 1473 1198 Mimanta

388 1234 587 1331 AEqualem
606 1245 776 1308 comitem
797 1259 890 1331 que;
916 1241 992 1310 una
1009 1260 1118 1335 quem
1137 1244 1245 1308 nocte
1266 1236 1422 1310 Theano

392 1347 434 1418 ln
454 1347 573 1420 lucem
592 1347 751 1442 genitori
771 1347 912 1444 Amyco
930 1347 1043 1432 dedit,
1064 1358 1102 1418 et
1119 1346 1198 1420 face
1217 1371 1411 1444 praegnans

388 1462 530 1532 Cisseis
548 1458 675 1554 regina
695 1462 811 1531 Parin
826 1486 835 1545 ;
866 1462 967 1532 Paris
985 1458 1074 1532 urbe
1094 1468 1247 1556 paterna
1542 1479 1596 1534 705

390 1571 565 1657 Occubat,
585 1581 751 1666 ignamm
772 1570 936 1643 Laurens
955 1571 1064 1643 habet
1084 1578 1148 1642 ora
1168 1570 1365 1643 Mimanta.

449 1670 505 1754 Ᾱο
523 1680 623 1755 velut
642 1681 703 1754 ille
721 1706 852 1764 canum
872 1685 997 1755 morsu
1017 1681 1063 1754 de
1082 1682 1266 1755 montibus
1284 1682 1366 1755 altis

393 1794 507 1866 Actus
524 1816 623 1890 aper,
644 1794 776 1866 multos
797 1793 955 1867 Vesulus
974 1818 1083 1892 quem
1101 1793 1231 1890 pinifer
1251 1805 1365 1866 annos

390 1903 576 1991 Defendit,
595 1905 727 1978 multos
746 1928 816 2003 que
833 1906 942 2002 paliis
961 1904 1168 1990 Laurentia,
1188 1906 1280 1979 silva

391 2017 521 2088 Pastus
540 2016 752 2103 arundinea,
771 2027 960 2113 postquam
979 2026 1081 2089 inter
1099 2021 1192 2089 retia
1209 2025 1359 2090 ventum
1377 2025 1446 2102 est,
1541 2036 1597 2092 710

392 2127 572 2214 Substitit,
595 2127 796 2210 infremuit
816 2153 886 2223 que
904 2127 1019 2214 serox,
1039 2138 1075 2201 et
1094 2128 1285 2201 inhorruit
1303 2136 1447 2216 armos3

391 2239 471 2310 Nec
491 2262 661 2335 culquam
681 2239 788 2312 irasci
805 2262 957 2336 propius
974 2264 1018 2313 ve
1037 2240 1209 2312 accedere
1228 2245 1355 2322 virtus,

392 2349 464 2422 Sed
476 2351 607 2446 Jaculis
626 2351 716 2423 tutis
734 2375 804 2447 que
825 2351 952 2449 procul
970 2351 1189 2425 clamoribus
1209 2361 1373 2424 instant:

392 2461 458 2533 Ille
480 2469 601 2535 autern
620 2462 829 2561 impavidus
848 2468 971 2558 partes
990 2472 1184 2536 cunctatur
1201 2487 1244 2535 in
1263 2471 1402 2551 omnes

391 2572 572 2645 Dentibus
588 2571 812 2656 infrendens,
834 2585 871 2646 et
891 2582 994 2670 tergo
1013 2575 1154 2647 decutit
1173 2575 1304 2648 hastas
1539 2593 1595 2650 715

390 2682 502 2757 Haud
522 2684 637 2774 ahter,
651 2695 762 2782 Justae
782 2685 918 2784 quibus
938 2694 994 2758 est
1013 2687 1224 2758 Mezentius
1242 2687 1317 2773 irae,

392 2795 475 2867 Non
495 2795 557 2867 ulli
575 2807 632 2869 est
649 2820 797 2869 animus
815 2804 941 2868 stricto
959 2821 1177 2870 concurrere
1194 2797 1309 2885 ferri‘i3

327 2915 329 2919 ’
392 2907 590 2981 Missilibus
608 2909 728 3004 longe,
748 2918 785 2980 et
805 2915 907 2980 vasto
927 2909 1084 2982 clamore
1105 2909 1293 2982 lacessunt.

393 3017 554 3116 Venerat
571 3021 726 3116 antiquis
745 3018 899 3116 Corythi
918 3020 964 3092 de
983 3019 1120 3092 simbus
1138 3022 1273 3107 Acron,

392 3129 525 3204 Graius
546 3129 666 3219 homo,
688 3130 845 3203 infectos
865 3131 1041 3227 linquens
1059 3131 1233 3228 profugus
1253 3133 1475 3227 hymenaeos.
1541 3155 1596 3211 720

391 3242 500 3313 Hunc
518 3243 580 3314 ubi
598 3251 821 3316 miscentem
840 3242 948 3338 longe
967 3242 1087 3315 media
1104 3268 1255 3339 agmina
1272 3243 1372 3330 vidit,

393 3354 620 3449 Purpureum
640 3354 771 3452 pennis
790 3366 828 3426 et
849 3362 969 3449 pactae
989 3378 1152 3451 conjugis
1172 3363 1271 3427 ostro
1282 3383 1292 3444 ;

392 3463 574 3559 Impastus
593 3467 734 3539 stabula
751 3466 825 3538 alta
844 3464 904 3539 let
924 3490 992 3538 ceu
1010 3490 1107 3562 saepe
1126 3490 1335 3563 peragrans,
1433 3519 1443 3536 .

390 3575 542 3662 (Suadet
559 3601 661 3649 enim
681 3582 815 3650 vesana
833 3575 975 3668 fames)
995 3576 1026 3648 si
1043 3576 1136 3650 forte
1155 3577 1317 3675 fugacem

390 3689 594 3782 Conspexit
613 3712 794 3786 capream,
814 3698 878 3761 aut
896 3697 1104 3784 surgentem
1121 3714 1164 3762 iri
1185 3714 1322 3763 cornua
1341 3715 1506 3780 cervum,
1541 3717 1596 3772 725

393 3797 539 3870 Gaudet
547 3796 661 3873 'hians
681 3810 858 3891 immane,
877 3810 999 3873 comas
1017 3824 1087 3896 que
1107 3811 1257 3887 arrexit,
1278 3811 1315 3874 et
1332 3801 1451 3877 haeret

393 3909 602 3983 Visceribus
622 3935 730 4008 super
748 3913 986 3999 incumbens3
1013 3911 1101 3985 lavit
1121 3914 1289 4010 improba
1309 3919 1405 3988 teter

391 4005 469 4094 Ora
489 4046 616 4096 cruor:

392 4131 451 4206 Sic
471 4143 546 4205 ruit
565 4158 606 4205 in
628 4134 758 4207 densos
778 4135 898 4208 alacer
917 4138 1126 4208 Mezentius
1145 4135 1283 4210 hostes.

392 4244 571 4318 Sternitur
588 4245 714 4319 infelix
734 4246 866 4332 Acron,
888 4255 925 4320 et
943 4247 1100 4321 calcibus
1118 4258 1235 4320 atram
1539 4277 1595 4332 730

391 4355 533 4428 Tundit
554 4357 704 4431 humum
724 4357 916 4453 exspirans
936 4358 1092 4431 infracta
1113 4384 1184 4454 que
1203 4360 1278 4433 tela
1297 4370 1475 4437 cruentat.

388 4467 508 4565 Atque
527 4467 625 4541 idem
644 4469 845 4566 fugientem
864 4469 962 4543 haud
984 4479 1040 4544 est
1059 4470 1232 4565 dignatus
1254 4471 1400 4545 Oroden

390 4578 569 4669 Sternere,
591 4605 659 4654 nec
673 4592 773 4678 Jacta
791 4606 929 4656 caecum
950 4582 1036 4654 dare
1057 4582 1207 4677 cuspide
1225 4584 1378 4668 vulnus;

387 4689 529 4763 Obvius
549 4692 699 4765 adverso
722 4718 793 4790 que
813 4703 987 4780 occurrit,
1007 4699 1045 4766 se
1066 4718 1139 4790 que
1158 4703 1240 4796 viro
1255 4719 1311 4769 vir

384 4802 561 4897 Contulit,
580 4803 675 4877 haud
694 4804 791 4880 furto
809 4805 950 4892 melior,
972 4806 1035 4879 sed
1053 4806 1205 4880 fortibus
1223 4807 1347 4880 annisi
1539 4832 1595 4889 735
