<?xml version="1.0" encoding="UTF-8"?>
<!DOCTYPE html PUBLIC "-//W3C//DTD XHTML 1.0 Transitional//EN"
    "http://www.w3.org/TR/xhtml1/DTD/xhtml1-transitional.dtd">
<html xmlns="http://www.w3.org/1999/xhtml" xml:lang="en" lang="en">
 <head>
  <title>
</title>
<meta http-equiv="Content-Type" content="text/html;charset=utf-8" />
  <meta name='ocr-system' content='tesseract 3.04.00' />
  <meta name='ocr-capabilities' content='ocr_page ocr_carea ocr_par ocr_line ocrx_word'/>
</head>
<body>
  <div class='ocr_page' id='page_1' title='image "./operaediditetsy00virggoog_0052.png"; bbox 0 0 3675 5567; ppageno 0'>
   <div class='ocr_carea' id='block_1_1' title="bbox 332 574 1036 646">
    <p class='ocr_par' dir='ltr' id='par_1_1' title="bbox 332 574 1036 646">
     <span class='ocr_line' id='line_1_1' title="bbox 332 574 1036 646; baseline -0.004 -1"><span class='ocrx_word' id='word_1_1' title='bbox 332 583 378 646; x_wconf 82' lang='lat'>44</span> <span class='ocrx_word' id='word_1_2' title='bbox 806 605 809 613; x_wconf 94' lang='lat'><em>·</em></span> <span class='ocrx_word' id='word_1_3' title='bbox 860 574 1007 642; x_wconf 77' lang='lat' dir='ltr'>vindicii</span> <span class='ocrx_word' id='word_1_4' title='bbox 1032 604 1036 612; x_wconf 59' lang='lat'><strong><em>¹</em></strong></span> 
     </span>
    </p>
   </div>
   <div class='ocr_carea' id='block_1_2' title="bbox 337 772 1532 1329">
    <p class='ocr_par' dir='ltr' id='par_1_2' title="bbox 338 772 1532 993">
     <span class='ocr_line' id='line_1_2' title="bbox 338 772 1532 870; baseline -0.005 -9"><span class='ocrx_word' id='word_1_5' title='bbox 338 772 417 862; x_wconf 85' lang='lat' dir='ltr'>Ora</span> <span class='ocrx_word' id='word_1_6' title='bbox 434 783 556 858; x_wconf 83' lang='lat' dir='ltr'>fovent</span> <span class='ocrx_word' id='word_1_7' title='bbox 577 782 653 870; x_wconf 89' lang='lat' dir='ltr'>illo,</span> <span class='ocrx_word' id='word_1_8' title='bbox 673 791 712 856; x_wconf 92' lang='lat' dir='ltr'>et</span> <span class='ocrx_word' id='word_1_9' title='bbox 729 781 882 856; x_wconf 92' lang='lat' dir='ltr'>senibus</span> <span class='ocrx_word' id='word_1_10' title='bbox 901 781 1134 855; x_wconf 88' lang='lat' dir='ltr'>medicantur</span> <span class='ocrx_word' id='word_1_11' title='bbox 1153 781 1303 855; x_wconf 81' lang='lat' dir='ltr'>anholis</span> <span class='ocrx_word' id='word_1_12' title='bbox 1479 799 1532 855; x_wconf 83' lang='grc'>135</span> 
     </span>
     <span class='ocr_line' id='line_1_3' title="bbox 393 893 1267 993; baseline -0.006 -22"><span class='ocrx_word' id='word_1_13' title='bbox 393 895 465 971; x_wconf 90' lang='lat' dir='ltr'>Sed</span> <span class='ocrx_word' id='word_1_14' title='bbox 485 919 601 993; x_wconf 91' lang='lat' dir='ltr'>neque</span> <span class='ocrx_word' id='word_1_15' title='bbox 620 895 815 967; x_wconf 82' lang='lat' dir='ltr'>Modorum</span> <span class='ocrx_word' id='word_1_16' title='bbox 832 893 935 966; x_wconf 85' lang='lat' dir='ltr'>silvae</span> <span class='ocrx_word' id='word_1_17' title='bbox 954 893 1140 966; x_wconf 87' lang='lat' dir='ltr'>ditissima</span> <span class='ocrx_word' id='word_1_18' title='bbox 1158 901 1267 980; x_wconf 88' lang='lat' dir='ltr'>terra,</span> 
     </span>
    </p>

    <p class='ocr_par' dir='ltr' id='par_1_3' title="bbox 338 1004 1392 1105">
     <span class='ocr_line' id='line_1_4' title="bbox 338 1004 1392 1105; baseline -0.006 -21"><span class='ocrx_word' id='word_1_19' title='bbox 338 1013 421 1084; x_wconf 89' lang='lat' dir='ltr'>Nec</span> <span class='ocrx_word' id='word_1_20' title='bbox 438 1005 592 1105; x_wconf 89' lang='lat' dir='ltr'>pulcher</span> <span class='ocrx_word' id='word_1_21' title='bbox 611 1006 773 1103; x_wconf 76' lang='lat' dir='ltr'>Gangos,</span> <span class='ocrx_word' id='word_1_22' title='bbox 795 1014 905 1101; x_wconf 88' lang='lat' dir='ltr'>atque</span> <span class='ocrx_word' id='word_1_23' title='bbox 925 1013 1013 1078; x_wconf 88' lang='lat' dir='ltr'>auro</span> <span class='ocrx_word' id='word_1_24' title='bbox 1031 1004 1198 1078; x_wconf 89' lang='lat' dir='ltr'>turbidus</span> <span class='ocrx_word' id='word_1_25' title='bbox 1218 1005 1392 1091; x_wconf 89' lang='lat' dir='ltr'>Hermus,</span> 
     </span>
    </p>

    <p class='ocr_par' dir='ltr' id='par_1_4' title="bbox 337 1103 1362 1216">
     <span class='ocr_line' id='line_1_5' title="bbox 337 1103 1362 1216; baseline -0.005 -22"><span class='ocrx_word' id='word_1_26' title='bbox 337 1119 525 1194; x_wconf 91' lang='lat' dir='ltr'>Laudibus</span> <span class='ocrx_word' id='word_1_27' title='bbox 543 1103 663 1194; x_wconf 83' lang='lat' dir='ltr'>ltaliae</span> <span class='ocrx_word' id='word_1_28' title='bbox 683 1125 825 1190; x_wconf 81' lang='lat' dir='ltr'>certent</span> <span class='ocrx_word' id='word_1_29' title='bbox 836 1144 846 1205; x_wconf 88' lang='lat'>3</span> <span class='ocrx_word' id='word_1_30' title='bbox 875 1125 948 1189; x_wconf 91' lang='lat' dir='ltr'>non</span> <span class='ocrx_word' id='word_1_31' title='bbox 969 1117 1112 1201; x_wconf 78' lang='lat' dir='ltr'>Bactra,</span> <span class='ocrx_word' id='word_1_32' title='bbox 1131 1141 1247 1216; x_wconf 90' lang='lat' dir='ltr'>neque</span> <span class='ocrx_word' id='word_1_33' title='bbox 1268 1117 1362 1206; x_wconf 89' lang='lat' dir='ltr'>Indi,</span> 
     </span>
    </p>

    <p class='ocr_par' dir='ltr' id='par_1_5' title="bbox 338 1227 1254 1329">
     <span class='ocr_line' id='line_1_6' title="bbox 338 1227 1254 1329; baseline -0.003 -24"><span class='ocrx_word' id='word_1_34' title='bbox 338 1233 434 1305; x_wconf 87' lang='lat' dir='ltr'>Tota</span> <span class='ocrx_word' id='word_1_35' title='bbox 452 1255 521 1329; x_wconf 91' lang='lat' dir='ltr'>que</span> <span class='ocrx_word' id='word_1_36' title='bbox 540 1227 726 1304; x_wconf 83' lang='lat' dir='ltr'>thonferis</span> <span class='ocrx_word' id='word_1_37' title='bbox 745 1228 933 1309; x_wconf 82' lang='lat' dir='ltr'>Panchaia</span> <span class='ocrx_word' id='word_1_38' title='bbox 951 1252 1107 1327; x_wconf 89' lang='lat' dir='ltr'>pinguis</span> <span class='ocrx_word' id='word_1_39' title='bbox 1126 1229 1254 1302; x_wconf 82' lang='lat' dir='ltr'>aronis.</span> 
     </span>
    </p>
   </div>
   <div class='ocr_carea' id='block_1_3' title="bbox 334 1340 1362 2776">
    <p class='ocr_par' dir='ltr' id='par_1_6' title="bbox 338 1340 1251 1548">
     <span class='ocr_line' id='line_1_7' title="bbox 339 1340 1251 1438; baseline -0.005 -21"><span class='ocrx_word' id='word_1_40' title='bbox 339 1344 433 1417; x_wconf 88' lang='lat' dir='ltr'>Haec</span> <span class='ocrx_word' id='word_1_41' title='bbox 451 1343 532 1415; x_wconf 92' lang='lat' dir='ltr'>loca</span> <span class='ocrx_word' id='word_1_42' title='bbox 549 1350 621 1415; x_wconf 88' lang='lat' dir='ltr'>non</span> <span class='ocrx_word' id='word_1_43' title='bbox 642 1342 737 1414; x_wconf 85' lang='lat' dir='ltr'>tauri</span> <span class='ocrx_word' id='word_1_44' title='bbox 756 1341 935 1438; x_wconf 81' lang='lat' dir='ltr'>spirantes</span> <span class='ocrx_word' id='word_1_45' title='bbox 955 1340 1105 1414; x_wconf 82' lang='lat' dir='ltr'>naribus</span> <span class='ocrx_word' id='word_1_46' title='bbox 1126 1364 1251 1437; x_wconf 87' lang='lat' dir='ltr'>ignem</span> 
     </span>
     <span class='ocr_line' id='line_1_8' title="bbox 338 1451 1168 1548; baseline -0.004 -21"><span class='ocrx_word' id='word_1_47' title='bbox 338 1455 534 1543; x_wconf 74' lang='lat' dir='ltr'>Invertore,</span> <span class='ocrx_word' id='word_1_48' title='bbox 554 1452 639 1527; x_wconf 87' lang='lat' dir='ltr'>satis</span> <span class='ocrx_word' id='word_1_49' title='bbox 660 1463 841 1526; x_wconf 82' lang='lat' dir='ltr'>immanis</span> <span class='ocrx_word' id='word_1_50' title='bbox 860 1451 1032 1526; x_wconf 91' lang='lat' dir='ltr'>dentibus</span> <span class='ocrx_word' id='word_1_51' title='bbox 1050 1451 1168 1548; x_wconf 73' lang='lat' dir='ltr'>hydri,</span> 
     </span>
    </p>

    <p class='ocr_par' dir='ltr' id='par_1_7' title="bbox 336 1563 1362 1887">
     <span class='ocr_line' id='line_1_9' title="bbox 337 1563 1362 1664; baseline -0.004 -24"><span class='ocrx_word' id='word_1_52' title='bbox 337 1568 420 1641; x_wconf 90' lang='lat' dir='ltr'>Nec</span> <span class='ocrx_word' id='word_1_53' title='bbox 438 1565 561 1663; x_wconf 69' lang='lat' dir='ltr'>galeis</span> <span class='ocrx_word' id='word_1_54' title='bbox 580 1564 700 1639; x_wconf 88' lang='lat' dir='ltr'>densis</span> <span class='ocrx_word' id='word_1_55' title='bbox 720 1590 789 1664; x_wconf 92' lang='lat' dir='ltr'>que</span> <span class='ocrx_word' id='word_1_56' title='bbox 808 1566 931 1637; x_wconf 84' lang='lat' dir='ltr'>virdm</span> <span class='ocrx_word' id='word_1_57' title='bbox 950 1587 1053 1660; x_wconf 89' lang='lat' dir='ltr'>seges</span> <span class='ocrx_word' id='word_1_58' title='bbox 1072 1564 1219 1637; x_wconf 90' lang='lat' dir='ltr'>horruit</span> <span class='ocrx_word' id='word_1_59' title='bbox 1237 1563 1362 1653; x_wconf 90' lang='lat' dir='ltr'>hastis,</span> 
     </span>
     <span class='ocr_line' id='line_1_10' title="bbox 337 1674 1304 1774; baseline -0.002 -23"><span class='ocrx_word' id='word_1_60' title='bbox 337 1677 411 1751; x_wconf 92' lang='lat' dir='ltr'>Sed</span> <span class='ocrx_word' id='word_1_61' title='bbox 428 1677 589 1774; x_wconf 73' lang='lat' dir='ltr'>gravidae</span> <span class='ocrx_word' id='word_1_62' title='bbox 605 1675 738 1774; x_wconf 79' lang='lat' dir='ltr'>frogos,</span> <span class='ocrx_word' id='word_1_63' title='bbox 759 1684 796 1749; x_wconf 93' lang='lat' dir='ltr'>et</span> <span class='ocrx_word' id='word_1_64' title='bbox 815 1674 952 1749; x_wconf 87' lang='lat' dir='ltr'>Bacchi</span> <span class='ocrx_word' id='word_1_65' title='bbox 970 1675 1153 1749; x_wconf 91' lang='lat' dir='ltr'>Massicus</span> <span class='ocrx_word' id='word_1_66' title='bbox 1172 1675 1304 1750; x_wconf 84' lang='lat' dir='ltr'>homor</span> 
     </span>
     <span class='ocr_line' id='line_1_11' title="bbox 336 1786 1194 1887; baseline 0.001 -27"><span class='ocrx_word' id='word_1_67' title='bbox 336 1788 551 1887; x_wconf 77' lang='lat' dir='ltr'>Implovore,</span> <span class='ocrx_word' id='word_1_68' title='bbox 571 1797 697 1861; x_wconf 90' lang='lat' dir='ltr'>tenent</span> <span class='ocrx_word' id='word_1_69' title='bbox 715 1786 807 1860; x_wconf 82' lang='lat' dir='ltr'>oleae</span> <span class='ocrx_word' id='word_1_70' title='bbox 825 1797 990 1861; x_wconf 88' lang='lat' dir='ltr'>armenta</span> <span class='ocrx_word' id='word_1_71' title='bbox 1009 1811 1079 1883; x_wconf 90' lang='lat' dir='ltr'>que</span> <span class='ocrx_word' id='word_1_72' title='bbox 1098 1786 1194 1861; x_wconf 84' lang='lat' dir='ltr'>laeta.</span> 
     </span>
    </p>

    <p class='ocr_par' dir='ltr' id='par_1_8' title="bbox 335 1897 1340 2555">
     <span class='ocr_line' id='line_1_12' title="bbox 336 1897 1300 1998; baseline -0.002 -25"><span class='ocrx_word' id='word_1_73' title='bbox 336 1901 439 1973; x_wconf 89' lang='lat' dir='ltr'>Hinc</span> <span class='ocrx_word' id='word_1_74' title='bbox 458 1899 746 1998; x_wconf 77' lang='lat' dir='ltr'>bellatorequus</span> <span class='ocrx_word' id='word_1_75' title='bbox 765 1907 893 1996; x_wconf 90' lang='lat' dir='ltr'>campo</span> <span class='ocrx_word' id='word_1_76' title='bbox 912 1903 990 1972; x_wconf 81' lang='grc'>5151</span> <span class='ocrx_word' id='word_1_77' title='bbox 1011 1898 1143 1972; x_wconf 89' lang='lat' dir='ltr'>arduus</span> <span class='ocrx_word' id='word_1_78' title='bbox 1163 1897 1300 1986; x_wconf 84' lang='lat' dir='ltr'>infert3</span> 
     </span>
     <span class='ocr_line' id='line_1_13' title="bbox 336 2010 1309 2107; baseline 0.001 -24"><span class='ocrx_word' id='word_1_79' title='bbox 336 2011 442 2085; x_wconf 92' lang='lat' dir='ltr'>Hinc</span> <span class='ocrx_word' id='word_1_80' title='bbox 462 2011 545 2096; x_wconf 88' lang='lat' dir='ltr'>albi,</span> <span class='ocrx_word' id='word_1_81' title='bbox 564 2010 763 2096; x_wconf 90' lang='lat' dir='ltr'>Clitumne,</span> <span class='ocrx_word' id='word_1_82' title='bbox 781 2015 922 2107; x_wconf 74' lang='lat' dir='ltr'>gregos,</span> <span class='ocrx_word' id='word_1_83' title='bbox 943 2019 980 2083; x_wconf 92' lang='lat' dir='ltr'>et</span> <span class='ocrx_word' id='word_1_84' title='bbox 998 2034 1165 2083; x_wconf 87' lang='lat' dir='ltr'>maxima</span> <span class='ocrx_word' id='word_1_85' title='bbox 1184 2021 1309 2084; x_wconf 85' lang='lat' dir='ltr'>taurus</span> 
     </span>
     <span class='ocr_line' id='line_1_14' title="bbox 336 2119 1184 2220; baseline -0.002 -24"><span class='ocrx_word' id='word_1_86' title='bbox 336 2123 519 2210; x_wconf 89' lang='lat' dir='ltr'>Victima,</span> <span class='ocrx_word' id='word_1_87' title='bbox 540 2147 637 2220; x_wconf 87' lang='lat' dir='ltr'>saepe</span> <span class='ocrx_word' id='word_1_88' title='bbox 655 2130 720 2194; x_wconf 89' lang='lat' dir='ltr'>tuo</span> <span class='ocrx_word' id='word_1_89' title='bbox 737 2119 873 2219; x_wconf 84' lang='lat' dir='ltr'>perfusi</span> <span class='ocrx_word' id='word_1_90' title='bbox 889 2119 1052 2194; x_wconf 81' lang='lat' dir='ltr'>flomine</span> <span class='ocrx_word' id='word_1_91' title='bbox 1071 2130 1184 2209; x_wconf 89' lang='lat' dir='ltr'>sacro,</span> 
     </span>
     <span class='ocr_line' id='line_1_15' title="bbox 335 2232 1265 2332; baseline -0.004 -24"><span class='ocrx_word' id='word_1_92' title='bbox 335 2235 518 2308; x_wconf 78' lang='lat' dir='ltr'>Romanos</span> <span class='ocrx_word' id='word_1_93' title='bbox 537 2233 584 2306; x_wconf 90' lang='lat' dir='ltr'>ad</span> <span class='ocrx_word' id='word_1_94' title='bbox 602 2233 739 2330; x_wconf 91' lang='lat' dir='ltr'>templa</span> <span class='ocrx_word' id='word_1_95' title='bbox 755 2232 867 2306; x_wconf 85' lang='lat' dir='ltr'>denm</span> <span class='ocrx_word' id='word_1_96' title='bbox 886 2232 1025 2308; x_wconf 80' lang='lat' dir='ltr'>duxere</span> <span class='ocrx_word' id='word_1_97' title='bbox 1044 2234 1265 2332; x_wconf 88' lang='lat' dir='ltr'>triumphos.</span> 
     </span>
     <span class='ocr_line' id='line_1_16' title="bbox 335 2343 1340 2443; baseline 0.001 -24"><span class='ocrx_word' id='word_1_98' title='bbox 335 2347 406 2420; x_wconf 90' lang='lat' dir='ltr'>Hic</span> <span class='ocrx_word' id='word_1_99' title='bbox 425 2351 488 2418; x_wconf 79' lang='lat' dir='ltr'>ver</span> <span class='ocrx_word' id='word_1_100' title='bbox 505 2345 704 2431; x_wconf 89' lang='lat' dir='ltr'>assiduum,</span> <span class='ocrx_word' id='word_1_101' title='bbox 724 2351 836 2443; x_wconf 84' lang='lat' dir='ltr'>atque</span> <span class='ocrx_word' id='word_1_102' title='bbox 854 2343 984 2418; x_wconf 82' lang='lat' dir='ltr'>ahenis</span> <span class='ocrx_word' id='word_1_103' title='bbox 1002 2345 1190 2419; x_wconf 90' lang='lat' dir='ltr'>mensibus</span> <span class='ocrx_word' id='word_1_104' title='bbox 1209 2354 1340 2432; x_wconf 82' lang='lat' dir='ltr'>aestos3</span> 
     </span>
     <span class='ocr_line' id='line_1_17' title="bbox 335 2456 1237 2555; baseline 0.001 -25"><span class='ocrx_word' id='word_1_105' title='bbox 335 2458 403 2530; x_wconf 93' lang='lat' dir='ltr'>Bis</span> <span class='ocrx_word' id='word_1_106' title='bbox 421 2457 579 2553; x_wconf 87' lang='lat' dir='ltr'>gravidae</span> <span class='ocrx_word' id='word_1_107' title='bbox 597 2457 765 2555; x_wconf 75' lang='lat' dir='ltr'>pecudoS,</span> <span class='ocrx_word' id='word_1_108' title='bbox 785 2456 844 2530; x_wconf 90' lang='lat' dir='ltr'>bis</span> <span class='ocrx_word' id='word_1_109' title='bbox 863 2458 978 2555; x_wconf 89' lang='lat' dir='ltr'>pomis</span> <span class='ocrx_word' id='word_1_110' title='bbox 995 2458 1101 2530; x_wconf 85' lang='lat' dir='ltr'>i&#39;itilis</span> <span class='ocrx_word' id='word_1_111' title='bbox 1121 2456 1237 2531; x_wconf 86' lang='lat' dir='ltr'>arbos.</span> 
     </span>
    </p>

    <p class='ocr_par' dir='ltr' id='par_1_9' title="bbox 334 2568 1270 2776">
     <span class='ocr_line' id='line_1_18' title="bbox 336 2568 1183 2665; baseline -0.002 -23"><span class='ocrx_word' id='word_1_112' title='bbox 336 2572 388 2643; x_wconf 93' lang='lat' dir='ltr'>At</span> <span class='ocrx_word' id='word_1_113' title='bbox 406 2568 547 2642; x_wconf 84' lang='lat' dir='ltr'>rabidae</span> <span class='ocrx_word' id='word_1_114' title='bbox 565 2573 678 2665; x_wconf 73' lang='lat' dir='ltr'>tigres</span> <span class='ocrx_word' id='word_1_115' title='bbox 698 2568 839 2653; x_wconf 87' lang='lat' dir='ltr'>absunt,</span> <span class='ocrx_word' id='word_1_116' title='bbox 862 2577 899 2642; x_wconf 92' lang='lat' dir='ltr'>et</span> <span class='ocrx_word' id='word_1_117' title='bbox 921 2593 1018 2641; x_wconf 88' lang='lat' dir='ltr'>saeva</span> <span class='ocrx_word' id='word_1_118' title='bbox 1037 2569 1183 2641; x_wconf 92' lang='lat' dir='ltr'>leonum</span> 
     </span>
     <span class='ocr_line' id='line_1_19' title="bbox 334 2678 1270 2776; baseline 0.003 -24"><span class='ocrx_word' id='word_1_119' title='bbox 334 2681 503 2774; x_wconf 83' lang='lat' dir='ltr'>Semina,</span> <span class='ocrx_word' id='word_1_120' title='bbox 523 2705 590 2754; x_wconf 90' lang='lat' dir='ltr'>nec</span> <span class='ocrx_word' id='word_1_121' title='bbox 610 2688 766 2754; x_wconf 90' lang='lat' dir='ltr'>miseros</span> <span class='ocrx_word' id='word_1_122' title='bbox 782 2680 913 2753; x_wconf 86' lang='lat' dir='ltr'>fallunt</span> <span class='ocrx_word' id='word_1_123' title='bbox 932 2679 1076 2753; x_wconf 85' lang='lat' dir='ltr'>aconita</span> <span class='ocrx_word' id='word_1_124' title='bbox 1094 2678 1270 2776; x_wconf 75' lang='lat' dir='ltr'>legentes</span> 
     </span>
    </p>
   </div>
   <div class='ocr_carea' id='block_1_4' title="bbox 205 2791 1404 2891">
    <p class='ocr_par' dir='ltr' id='par_1_10' title="bbox 205 2791 1404 2891">
     <span class='ocr_line' id='line_1_20' title="bbox 205 2791 1404 2891; baseline -0.003 -26"><span class='ocrx_word' id='word_1_125' title='bbox 205 2872 206 2876; x_wconf 8' lang='grc' dir='ltr'><strong>Ἴ</strong></span> <span class='ocrx_word' id='word_1_126' title='bbox 335 2791 414 2865; x_wconf 84' lang='grc' dir='ltr'>Ν11</span> <span class='ocrx_word' id='word_1_127' title='bbox 433 2801 532 2890; x_wconf 88' lang='lat' dir='ltr'>rapit</span> <span class='ocrx_word' id='word_1_128' title='bbox 553 2800 753 2866; x_wconf 89' lang='lat' dir='ltr'>immensos</span> <span class='ocrx_word' id='word_1_129' title='bbox 774 2791 878 2865; x_wconf 82' lang='lat' dir='ltr'>orbes</span> <span class='ocrx_word' id='word_1_130' title='bbox 898 2815 963 2890; x_wconf 91' lang='lat' dir='ltr'>per</span> <span class='ocrx_word' id='word_1_131' title='bbox 982 2791 1147 2878; x_wconf 91' lang='lat' dir='ltr'>humum,</span> <span class='ocrx_word' id='word_1_132' title='bbox 1167 2816 1283 2891; x_wconf 90' lang='lat' dir='ltr'>neque</span> <span class='ocrx_word' id='word_1_133' title='bbox 1302 2798 1404 2865; x_wconf 90' lang='lat' dir='ltr'>tanto</span> 
     </span>
    </p>
   </div>
   <div class='ocr_carea' id='block_1_5' title="bbox 334 2902 1271 3003">
    <p class='ocr_par' dir='ltr' id='par_1_11' title="bbox 334 2902 1271 3003">
     <span class='ocr_line' id='line_1_21' title="bbox 334 2902 1271 3003; baseline 0.001 -26"><span class='ocrx_word' id='word_1_134' title='bbox 334 2905 537 3001; x_wconf 78' lang='lat' dir='ltr'>Squameus</span> <span class='ocrx_word' id='word_1_135' title='bbox 556 2927 600 2976; x_wconf 95' lang='lat' dir='ltr'>in</span> <span class='ocrx_word' id='word_1_136' title='bbox 618 2904 750 3003; x_wconf 88' lang='lat' dir='ltr'>spiram</span> <span class='ocrx_word' id='word_1_137' title='bbox 770 2907 889 2977; x_wconf 85' lang='lat' dir='ltr'>tractu</span> <span class='ocrx_word' id='word_1_138' title='bbox 908 2907 947 2977; x_wconf 84' lang='grc'>51</span> <span class='ocrx_word' id='word_1_139' title='bbox 967 2902 1110 3000; x_wconf 78' lang='lat' dir='ltr'>colligit</span> <span class='ocrx_word' id='word_1_140' title='bbox 1128 2928 1271 3000; x_wconf 88' lang='lat' dir='ltr'>anguis.</span> 
     </span>
    </p>
   </div>
   <div class='ocr_carea' id='block_1_6' title="bbox 199 3015 1535 3113">
    <p class='ocr_par' dir='ltr' id='par_1_12' title="bbox 199 3015 1535 3113">
     <span class='ocr_line' id='line_1_22' title="bbox 199 3015 1535 3113; baseline 0.002 -26"><span class='ocrx_word' id='word_1_141' title='bbox 199 3056 203 3061; x_wconf 93' lang='lat'>·</span> <span class='ocrx_word' id='word_1_142' title='bbox 333 3015 438 3088; x_wconf 90' lang='lat' dir='ltr'>Adde</span> <span class='ocrx_word' id='word_1_143' title='bbox 457 3024 513 3089; x_wconf 89' lang='lat' dir='ltr'>tot</span> <span class='ocrx_word' id='word_1_144' title='bbox 531 3020 696 3112; x_wconf 79' lang='lat' dir='ltr'>egregias</span> <span class='ocrx_word' id='word_1_145' title='bbox 716 3015 837 3102; x_wconf 81' lang='grc'>1111115,</span> <span class='ocrx_word' id='word_1_146' title='bbox 857 3039 1009 3113; x_wconf 90' lang='lat' dir='ltr'>operum</span> <span class='ocrx_word' id='word_1_147' title='bbox 1028 3040 1099 3112; x_wconf 91' lang='lat' dir='ltr'>que</span> <span class='ocrx_word' id='word_1_148' title='bbox 1119 3015 1292 3105; x_wconf 90' lang='lat' dir='ltr'>laborem,</span> <span class='ocrx_word' id='word_1_149' title='bbox 1481 3035 1535 3090; x_wconf 91' lang='grc'>155</span> 
     </span>
    </p>
   </div>
   <div class='ocr_carea' id='block_1_7' title="bbox 331 3126 1533 4119">
    <p class='ocr_par' dir='ltr' id='par_1_13' title="bbox 334 3126 1214 3224">
     <span class='ocr_line' id='line_1_23' title="bbox 334 3126 1214 3224; baseline 0.001 -25"><span class='ocrx_word' id='word_1_150' title='bbox 334 3128 409 3201; x_wconf 87' lang='lat' dir='ltr'>Tot</span> <span class='ocrx_word' id='word_1_151' title='bbox 428 3134 601 3223; x_wconf 87' lang='lat' dir='ltr'>congesta</span> <span class='ocrx_word' id='word_1_152' title='bbox 619 3133 730 3201; x_wconf 84' lang='lat' dir='ltr'>mano</span> <span class='ocrx_word' id='word_1_153' title='bbox 749 3126 943 3224; x_wconf 87' lang='lat' dir='ltr'>praeruptis</span> <span class='ocrx_word' id='word_1_154' title='bbox 961 3127 1093 3224; x_wconf 88' lang='lat' dir='ltr'>oppida</span> <span class='ocrx_word' id='word_1_155' title='bbox 1111 3128 1214 3212; x_wconf 85' lang='lat' dir='ltr'>saxis,</span> 
     </span>
    </p>

    <p class='ocr_par' dir='ltr' id='par_1_14' title="bbox 333 3237 1249 3335">
     <span class='ocr_line' id='line_1_24' title="bbox 333 3237 1249 3335; baseline -0.003 -24"><span class='ocrx_word' id='word_1_156' title='bbox 333 3239 514 3312; x_wconf 83' lang='lat' dir='ltr'>Flomina</span> <span class='ocrx_word' id='word_1_157' title='bbox 533 3263 603 3334; x_wconf 89' lang='grc'>111</span> <span class='ocrx_word' id='word_1_158' title='bbox 624 3239 789 3335; x_wconf 91' lang='lat' dir='ltr'>antiquos</span> <span class='ocrx_word' id='word_1_159' title='bbox 809 3237 1098 3311; x_wconf 82' lang='lat' dir='ltr'>subterlabentia</span> <span class='ocrx_word' id='word_1_160' title='bbox 1115 3242 1249 3312; x_wconf 85' lang='lat' dir='ltr'>moros.</span> 
     </span>
    </p>

    <p class='ocr_par' dir='ltr' id='par_1_15' title="bbox 332 3350 1476 3560">
     <span class='ocr_line' id='line_1_25' title="bbox 332 3350 1476 3448; baseline 0.003 -26"><span class='ocrx_word' id='word_1_161' title='bbox 332 3351 392 3422; x_wconf 92' lang='lat' dir='ltr'>An</span> <span class='ocrx_word' id='word_1_162' title='bbox 411 3375 523 3435; x_wconf 88' lang='lat' dir='ltr'>mare,</span> <span class='ocrx_word' id='word_1_163' title='bbox 542 3350 640 3448; x_wconf 90' lang='lat' dir='ltr'>quod</span> <span class='ocrx_word' id='word_1_164' title='bbox 658 3360 777 3447; x_wconf 81' lang='lat' dir='ltr'>supro,</span> <span class='ocrx_word' id='word_1_165' title='bbox 797 3373 1009 3438; x_wconf 85' lang='lat' dir='ltr'>memorem,</span> <span class='ocrx_word' id='word_1_166' title='bbox 1029 3350 1126 3448; x_wconf 91' lang='lat' dir='ltr'>quod</span> <span class='ocrx_word' id='word_1_167' title='bbox 1145 3373 1216 3445; x_wconf 91' lang='lat' dir='ltr'>que</span> <span class='ocrx_word' id='word_1_168' title='bbox 1236 3350 1345 3424; x_wconf 92' lang='lat' dir='ltr'>alluit</span> <span class='ocrx_word' id='word_1_169' title='bbox 1363 3351 1476 3442; x_wconf 74' lang='lat' dir='ltr'>intro,</span> 
     </span>
     <span class='ocr_line' id='line_1_26' title="bbox 334 3460 1270 3560; baseline 0.001 -26"><span class='ocrx_word' id='word_1_170' title='bbox 334 3464 394 3535; x_wconf 91' lang='lat' dir='ltr'>An</span> <span class='ocrx_word' id='word_1_171' title='bbox 412 3486 460 3534; x_wconf 91' lang='lat' dir='ltr'>ne</span> <span class='ocrx_word' id='word_1_172' title='bbox 478 3462 580 3534; x_wconf 83' lang='lat' dir='ltr'>lacos</span> <span class='ocrx_word' id='word_1_173' title='bbox 600 3460 746 3534; x_wconf 86' lang='lat' dir='ltr'>tantos?</span> <span class='ocrx_word' id='word_1_174' title='bbox 774 3466 824 3545; x_wconf 81' lang='grc'>11,</span> <span class='ocrx_word' id='word_1_175' title='bbox 846 3460 932 3533; x_wconf 84' lang='lat' dir='ltr'>Lori</span> <span class='ocrx_word' id='word_1_176' title='bbox 951 3485 1124 3548; x_wconf 85' lang='lat' dir='ltr'>maxime,</span> <span class='ocrx_word' id='word_1_177' title='bbox 1146 3467 1182 3533; x_wconf 78' lang='lat' dir='ltr'>te</span> <span class='ocrx_word' id='word_1_178' title='bbox 1202 3487 1270 3560; x_wconf 92' lang='lat' dir='ltr'>que</span> 
     </span>
    </p>

    <p class='ocr_par' dir='ltr' id='par_1_16' title="bbox 334 3570 1533 3781">
     <span class='ocr_line' id='line_1_27' title="bbox 334 3570 1533 3667; baseline 0.006 -24"><span class='ocrx_word' id='word_1_179' title='bbox 334 3571 525 3646; x_wconf 77' lang='lat' dir='ltr'>Fluctibus</span> <span class='ocrx_word' id='word_1_180' title='bbox 543 3583 581 3644; x_wconf 89' lang='lat' dir='ltr'>et</span> <span class='ocrx_word' id='word_1_181' title='bbox 597 3570 751 3654; x_wconf 83' lang='lat' dir='ltr'>fremitu</span> <span class='ocrx_word' id='word_1_182' title='bbox 769 3596 969 3667; x_wconf 86' lang='lat' dir='ltr'>assurgens,</span> <span class='ocrx_word' id='word_1_183' title='bbox 991 3574 1146 3661; x_wconf 80' lang='lat' dir='ltr'>Bonace,</span> <span class='ocrx_word' id='word_1_184' title='bbox 1165 3574 1332 3648; x_wconf 75' lang='lat' dir='ltr'>marino?</span> <span class='ocrx_word' id='word_1_185' title='bbox 1479 3595 1533 3652; x_wconf 86' lang='lat'>160</span> 
     </span>
     <span class='ocr_line' id='line_1_28' title="bbox 334 3684 1382 3781; baseline 0.003 -23"><span class='ocrx_word' id='word_1_186' title='bbox 334 3687 394 3758; x_wconf 96' lang='lat' dir='ltr'>An</span> <span class='ocrx_word' id='word_1_187' title='bbox 413 3707 613 3756; x_wconf 90' lang='lat' dir='ltr'>memorem</span> <span class='ocrx_word' id='word_1_188' title='bbox 630 3689 769 3781; x_wconf 73' lang='lat' dir='ltr'>portos</span> <span class='ocrx_word' id='word_1_189' title='bbox 792 3685 949 3757; x_wconf 90' lang='lat' dir='ltr'>Lucrino</span> <span class='ocrx_word' id='word_1_190' title='bbox 967 3707 1036 3780; x_wconf 92' lang='lat' dir='ltr'>que</span> <span class='ocrx_word' id='word_1_191' title='bbox 1057 3684 1182 3758; x_wconf 92' lang='lat' dir='ltr'>addita</span> <span class='ocrx_word' id='word_1_192' title='bbox 1201 3685 1382 3776; x_wconf 82' lang='lat' dir='ltr'>claustra3</span> 
     </span>
    </p>

    <p class='ocr_par' dir='ltr' id='par_1_17' title="bbox 331 3794 1307 3897">
     <span class='ocr_line' id='line_1_29' title="bbox 331 3794 1307 3897; baseline 0 -29"><span class='ocrx_word' id='word_1_193' title='bbox 331 3798 454 3892; x_wconf 88' lang='lat' dir='ltr'>Atque</span> <span class='ocrx_word' id='word_1_194' title='bbox 474 3794 709 3891; x_wconf 83' lang='lat' dir='ltr'>indignatum</span> <span class='ocrx_word' id='word_1_195' title='bbox 726 3796 867 3893; x_wconf 90' lang='lat' dir='ltr'>magnis</span> <span class='ocrx_word' id='word_1_196' title='bbox 886 3794 1101 3870; x_wconf 83' lang='lat' dir='ltr'>stridoribus</span> <span class='ocrx_word' id='word_1_197' title='bbox 1120 3822 1256 3897; x_wconf 85' lang='lat' dir='ltr'>aequor,</span> <span class='ocrx_word' id='word_1_198' title='bbox 1304 3851 1307 3858; x_wconf 85' lang='lat'>.</span> 
     </span>
    </p>

    <p class='ocr_par' dir='ltr' id='par_1_18' title="bbox 331 3906 1179 4004">
     <span class='ocr_line' id='line_1_30' title="bbox 331 3906 1179 4004; baseline 0 -25"><span class='ocrx_word' id='word_1_199' title='bbox 331 3907 353 3979; x_wconf 90' lang='lat' dir='ltr'>J</span> <span class='ocrx_word' id='word_1_200' title='bbox 358 3906 434 3980; x_wconf 84' lang='lat' dir='ltr'>iilia</span> <span class='ocrx_word' id='word_1_201' title='bbox 455 3917 527 4003; x_wconf 80' lang='lat' dir='ltr'>quo</span> <span class='ocrx_word' id='word_1_202' title='bbox 546 3915 658 4004; x_wconf 87' lang='lat' dir='ltr'>ponto</span> <span class='ocrx_word' id='word_1_203' title='bbox 675 3909 785 4004; x_wconf 77' lang='lat' dir='ltr'>longo</span> <span class='ocrx_word' id='word_1_204' title='bbox 806 3916 912 3981; x_wconf 86' lang='lat' dir='ltr'>sonat</span> <span class='ocrx_word' id='word_1_205' title='bbox 932 3906 1029 3980; x_wconf 91' lang='lat' dir='ltr'>unda</span> <span class='ocrx_word' id='word_1_206' title='bbox 1047 3907 1179 4002; x_wconf 72' lang='lat' dir='ltr'>refuso,</span> 
     </span>
    </p>

    <p class='ocr_par' dir='ltr' id='par_1_19' title="bbox 333 4019 1331 4119">
     <span class='ocr_line' id='line_1_31' title="bbox 333 4019 1331 4119; baseline 0.003 -27"><span class='ocrx_word' id='word_1_207' title='bbox 333 4019 546 4116; x_wconf 81' lang='lat' dir='ltr'>Tyrrhenus</span> <span class='ocrx_word' id='word_1_208' title='bbox 565 4044 634 4119; x_wconf 89' lang='lat' dir='ltr'>que</span> <span class='ocrx_word' id='word_1_209' title='bbox 653 4019 754 4093; x_wconf 86' lang='lat' dir='ltr'>fretis</span> <span class='ocrx_word' id='word_1_210' title='bbox 776 4027 998 4092; x_wconf 88' lang='lat' dir='ltr'>immittitur</span> <span class='ocrx_word' id='word_1_211' title='bbox 1016 4028 1127 4093; x_wconf 87' lang='lat' dir='ltr'>aestus</span> <span class='ocrx_word' id='word_1_212' title='bbox 1147 4021 1331 4096; x_wconf 80' lang='lat' dir='ltr'>Auernis?</span> 
     </span>
    </p>
   </div>
   <div class='ocr_carea' id='block_1_8' title="bbox 201 4130 1536 4228">
    <p class='ocr_par' dir='ltr' id='par_1_20' title="bbox 201 4130 1536 4228">
     <span class='ocr_line' id='line_1_32' title="bbox 201 4130 1536 4228; baseline 0.009 -26"><span class='ocrx_word' id='word_1_213' title='bbox 201 4198 204 4202; x_wconf 85' lang='lat'>.</span> <span class='ocrx_word' id='word_1_214' title='bbox 332 4130 426 4203; x_wconf 89' lang='lat' dir='ltr'>Haeo</span> <span class='ocrx_word' id='word_1_215' title='bbox 449 4130 577 4203; x_wconf 90' lang='lat' dir='ltr'>eadem</span> <span class='ocrx_word' id='word_1_216' title='bbox 595 4131 736 4228; x_wconf 85' lang='lat' dir='ltr'>argenti</span> <span class='ocrx_word' id='word_1_217' title='bbox 753 4130 858 4218; x_wconf 71' lang='lat' dir='ltr'>rivos</span> <span class='ocrx_word' id='word_1_218' title='bbox 876 4156 959 4204; x_wconf 82' lang='lat' dir='ltr'>aens</span> <span class='ocrx_word' id='word_1_219' title='bbox 978 4156 1048 4227; x_wconf 94' lang='lat' dir='ltr'>que</span> <span class='ocrx_word' id='word_1_220' title='bbox 1066 4135 1216 4207; x_wconf 89' lang='lat' dir='ltr'>metalla</span> <span class='ocrx_word' id='word_1_221' title='bbox 1433 4170 1436 4175; x_wconf 60' lang='grc'>’</span> <span class='ocrx_word' id='word_1_222' title='bbox 1479 4158 1536 4216; x_wconf 84' lang='grc'>165</span> 
     </span>
    </p>
   </div>
   <div class='ocr_carea' id='block_1_9' title="bbox 249 4242 1534 4896">
    <p class='ocr_par' dir='ltr' id='par_1_21' title="bbox 334 4242 1181 4340">
     <span class='ocr_line' id='line_1_33' title="bbox 334 4242 1181 4340; baseline 0.005 -27"><span class='ocrx_word' id='word_1_223' title='bbox 334 4242 503 4315; x_wconf 91' lang='lat' dir='ltr'>Ostendit</span> <span class='ocrx_word' id='word_1_224' title='bbox 520 4243 632 4330; x_wconf 81' lang='lat' dir='ltr'>vonis,</span> <span class='ocrx_word' id='word_1_225' title='bbox 651 4252 761 4339; x_wconf 88' lang='lat' dir='ltr'>atque</span> <span class='ocrx_word' id='word_1_226' title='bbox 782 4251 869 4316; x_wconf 91' lang='lat' dir='ltr'>auro</span> <span class='ocrx_word' id='word_1_227' title='bbox 887 4242 1048 4340; x_wconf 84' lang='lat' dir='ltr'>plurima</span> <span class='ocrx_word' id='word_1_228' title='bbox 1064 4243 1181 4317; x_wconf 89' lang='lat' dir='ltr'>fluxit.</span> 
     </span>
    </p>

    <p class='ocr_par' dir='ltr' id='par_1_22' title="bbox 249 4352 1534 4896">
     <span class='ocr_line' id='line_1_34' title="bbox 249 4352 1431 4454; baseline 0.008 -31"><span class='ocrx_word' id='word_1_229' title='bbox 249 4382 259 4409; x_wconf 65' lang='lat'><strong><em>⁴</em></strong></span> <span class='ocrx_word' id='word_1_230' title='bbox 333 4352 426 4425; x_wconf 90' lang='lat' dir='ltr'>Haec</span> <span class='ocrx_word' id='word_1_231' title='bbox 447 4377 562 4449; x_wconf 90' lang='lat' dir='ltr'>genus</span> <span class='ocrx_word' id='word_1_232' title='bbox 580 4364 663 4427; x_wconf 81' lang='lat' dir='ltr'>acre</span> <span class='ocrx_word' id='word_1_233' title='bbox 682 4357 801 4429; x_wconf 84' lang='lat' dir='ltr'>virorn</span> <span class='ocrx_word' id='word_1_234' title='bbox 822 4356 972 4443; x_wconf 70' lang='lat' dir='ltr'>Marsos</span> <span class='ocrx_word' id='word_1_235' title='bbox 993 4357 1217 4454; x_wconf 86' lang='lat' dir='ltr'>pubemque</span> <span class='ocrx_word' id='word_1_236' title='bbox 1237 4357 1431 4449; x_wconf 90' lang='lat' dir='ltr'>Sabellam,</span> 
     </span>
     <span class='ocr_line' id='line_1_35' title="bbox 332 4465 1364 4563; baseline 0.007 -26"><span class='ocrx_word' id='word_1_237' title='bbox 332 4466 530 4537; x_wconf 81' lang='lat' dir='ltr'>Assuetum</span> <span class='ocrx_word' id='word_1_238' title='bbox 548 4490 617 4563; x_wconf 90' lang='lat' dir='ltr'>que</span> <span class='ocrx_word' id='word_1_239' title='bbox 637 4465 732 4540; x_wconf 92' lang='lat' dir='ltr'>malo</span> <span class='ocrx_word' id='word_1_240' title='bbox 754 4467 938 4563; x_wconf 90' lang='lat' dir='ltr'>Ligurem,</span> <span class='ocrx_word' id='word_1_241' title='bbox 959 4467 1112 4541; x_wconf 84' lang='lat' dir='ltr'>Volscos</span> <span class='ocrx_word' id='word_1_242' title='bbox 1132 4492 1201 4563; x_wconf 91' lang='lat' dir='ltr'>que</span> <span class='ocrx_word' id='word_1_243' title='bbox 1220 4474 1364 4544; x_wconf 87' lang='lat' dir='ltr'>verutos</span> 
     </span>
     <span class='ocr_line' id='line_1_36' title="bbox 332 4575 1406 4676; baseline 0.007 -27"><span class='ocrx_word' id='word_1_244' title='bbox 332 4576 499 4664; x_wconf 85' lang='lat' dir='ltr'>Extulit3</span> <span class='ocrx_word' id='word_1_245' title='bbox 528 4575 607 4651; x_wconf 88' lang='lat' dir='ltr'>haec</span> <span class='ocrx_word' id='word_1_246' title='bbox 627 4581 773 4671; x_wconf 83' lang='lat' dir='ltr'>Decios,</span> <span class='ocrx_word' id='word_1_247' title='bbox 794 4578 942 4666; x_wconf 71' lang='lat' dir='ltr'>Marios</span> <span class='ocrx_word' id='word_1_248' title='bbox 961 4586 1113 4674; x_wconf 83' lang='lat' dir='ltr'>magnos</span> <span class='ocrx_word' id='word_1_249' title='bbox 1130 4603 1199 4676; x_wconf 93' lang='lat' dir='ltr'>que</span> <span class='ocrx_word' id='word_1_250' title='bbox 1219 4582 1406 4669; x_wconf 88' lang='lat' dir='ltr'>Camillos,</span> 
     </span>
     <span class='ocr_line' id='line_1_37' title="bbox 332 4687 1534 4786; baseline 0.005 -26"><span class='ocrx_word' id='word_1_251' title='bbox 332 4687 514 4786; x_wconf 81' lang='lat' dir='ltr'>Scipiados</span> <span class='ocrx_word' id='word_1_252' title='bbox 534 4688 643 4762; x_wconf 85' lang='lat' dir='ltr'>doros</span> <span class='ocrx_word' id='word_1_253' title='bbox 661 4690 768 4778; x_wconf 91' lang='lat' dir='ltr'>bello,</span> <span class='ocrx_word' id='word_1_254' title='bbox 787 4698 824 4763; x_wconf 91' lang='lat' dir='ltr'>et</span> <span class='ocrx_word' id='word_1_255' title='bbox 843 4696 893 4779; x_wconf 80' lang='lat' dir='ltr'>to,</span> <span class='ocrx_word' id='word_1_256' title='bbox 914 4713 1074 4763; x_wconf 83' lang='lat' dir='ltr'>maxime</span> <span class='ocrx_word' id='word_1_257' title='bbox 1095 4693 1232 4778; x_wconf 86' lang='lat' dir='ltr'>Caesar,</span> <span class='ocrx_word' id='word_1_258' title='bbox 1477 4717 1534 4776; x_wconf 83' lang='lat' dir='ltr'>iro</span> 
     </span>
     <span class='ocr_line' id='line_1_38' title="bbox 330 4801 1204 4896; baseline 0.002 -22"><span class='ocrx_word' id='word_1_259' title='bbox 330 4801 402 4892; x_wconf 79' lang='lat' dir='ltr'>Qui</span> <span class='ocrx_word' id='word_1_260' title='bbox 421 4825 518 4874; x_wconf 90' lang='lat' dir='ltr'>nunc</span> <span class='ocrx_word' id='word_1_261' title='bbox 540 4802 711 4875; x_wconf 80' lang='lat' dir='ltr'>extromis</span> <span class='ocrx_word' id='word_1_262' title='bbox 731 4804 829 4875; x_wconf 87' lang='lat' dir='ltr'>Asiae</span> <span class='ocrx_word' id='word_1_263' title='bbox 842 4826 920 4896; x_wconf 84' lang='lat' dir='ltr'>Jam</span> <span class='ocrx_word' id='word_1_264' title='bbox 938 4809 1115 4877; x_wconf 87' lang='lat' dir='ltr'>victorin</span> <span class='ocrx_word' id='word_1_265' title='bbox 1133 4802 1204 4877; x_wconf 90' lang='lat' dir='ltr'>oris</span> 
     </span>
    </p>
   </div>
   <div class='ocr_carea' id='block_1_10' title="bbox 0 0 1842 5567">
    <p class='ocr_par' dir='ltr' id='par_1_23' title="bbox 0 0 1842 5567">
     <span class='ocr_line' id='line_1_39' title="bbox 0 0 1842 5567; baseline 0 2"><span class='ocrx_word' id='word_1_266' title='bbox 0 0 1842 5567; x_wconf 95' lang='lat' dir='ltr'> </span> 
     </span>
    </p>
   </div>
  </div>
 </body>
</html>
