3675 5567
798 575 957 642 assinos
975 592 998 642 i.

273 783 486 869 Prodimur,
505 788 614 881 atque
635 780 736 855 Italis
754 782 863 878 longe
883 780 1127 878 disjungimur
1144 784 1225 857 oris

275 898 346 968 Hic
364 903 515 992 pietatis
534 892 679 967 honos?
707 893 758 966 sic
777 901 842 966 nos
859 917 901 966 in
921 917 1034 990 regna
1051 902 1201 991 reponis
1214 894 1259 968 ?'’

271 1008 273 1011 ’
332 1005 406 1079 Olli
426 1004 614 1080 subridens
632 1005 829 1078 hominum
849 1013 949 1079 sator
967 1013 1078 1101 atque
1097 1005 1259 1094 deorum,

276 1118 405 1208 Vultu,
425 1127 499 1214 quo
520 1115 654 1192 coelum
673 1122 909 1215 tempestates
930 1141 1000 1216 que
1019 1123 1175 1213 serenat,
1424 1134 1480 1190 255
1513 1207 1516 1212 .

274 1228 408 1304 Oscula
425 1228 554 1303 libavit
576 1239 697 1302 natae:
726 1227 863 1301 dehinc
882 1227 974 1302 talia
992 1228 1111 1302 fatur:

275 1340 428 1421 “Parce
447 1345 562 1432 metii,
582 1338 785 1438 Cytherea3
803 1349 956 1414 manent
976 1349 1132 1414 immota
1150 1351 1297 1418 tuorum

277 1455 372 1528 Fata
389 1448 469 1526 tibi.
526 1456 665 1526 Cernes
684 1452 813 1525 urbem
830 1462 867 1526 et
884 1460 1068 1549 promissa
1087 1453 1217 1528 Lavini

277 1564 448 1652 Moen1a3
477 1563 670 1637 sublimem
689 1587 759 1661 que
777 1562 872 1637 feres
891 1563 939 1638 ad
958 1562 1075 1637 sidera
1093 1564 1176 1641 coeli

276 1677 565 1772 Magnanimum
586 1677 751 1749 AEnean:
780 1700 894 1775 neque
912 1681 971 1747 me
991 1684 1172 1749 sententia
1189 1685 1312 1753 vertit.
1423 1693 1480 1750 260

277 1786 361 1874 Hic,
380 1785 466 1877 (t1b1
483 1787 585 1861 fabor
604 1810 720 1877 enim,
741 1787 886 1887 quando
905 1786 987 1860 haec
1005 1793 1043 1859 te
1064 1793 1164 1876 ci'ira,
1185 1788 1381 1877 remordet,

277 1897 444 1996 Longius
464 1907 501 1971 et
518 1901 667 1975 volvens
686 1898 843 1973 satorum
861 1909 994 1973 arcana
1011 1900 1195 1990 movebo)

276 2009 424 2084 Bellum
443 2034 578 2106 ingens
597 2019 700 2108 geret
721 1994 837 2097 ltaha,
857 2010 1012 2109 populos
1031 2036 1101 2108 que
1120 2011 1258 2086 feroces

275 2121 512 2210 Contundet3
539 2128 657 2196 mores
676 2147 748 2220 que
767 2123 850 2196 viris
869 2132 906 2196 et
924 2147 1024 2197 moen
1031 2148 1070 2196 ia
1088 2132 1223 2222 ponet3

277 2233 406 2307 Tertia
425 2233 511 2308 dum
532 2235 637 2307 Latio
653 2246 869 2332 regnantem
889 2234 1021 2309 viderit
1038 2246 1158 2323 aestas,
1424 2256 1480 2312 265

278 2344 402 2419 Terna
419 2371 488 2445 que
507 2355 690 2419 trans1eiit
710 2346 855 2420 Rutulis
874 2346 1026 2419 hiberna
1045 2348 1213 2422 subactis,

275 2458 327 2530 At
345 2480 437 2555 puer
455 2459 651 2563 Ascanius,
672 2484 734 2532 cui
753 2483 852 2531 nunc
873 2466 1073 2554 cognomen
1092 2460 1172 2534 Iulo

275 2569 447 2659 Additur,
466 2567 558 2658 (Ilus
577 2579 666 2656 erat,
688 2570 775 2645 dum
793 2575 851 2643 r'es
871 2579 976 2644 stetit
994 2557 1065 2643 llia
1083 2568 1210 2669 regno)

278 2680 450 2777 Triginta
467 2690 618 2777 magnos
636 2682 823 2757 volvendis
841 2683 1025 2755 mensibus
1044 2683 1151 2756 orbes

276 2793 440 2890 Imperio
457 2793 628 2891 explebit,
646 2818 802 2891 regnum
822 2818 895 2891 que
914 2793 959 2866 ab
977 2794 1063 2866 sede
1084 2795 1213 2867 Lavini
1425 2817 1481 2871 270

277 2903 500 2994 Transferet,
521 2913 559 2978 et
577 2906 727 3002 longam
745 2904 862 2979 multa
880 2904 915 2977 vi
934 2909 1080 2978 muniet
1097 2906 1240 2979 Albam.

277 3015 350 3089 Hic
364 3041 443 3113 Jam
462 3025 687 3091 tercentum
706 3025 801 3091 totos
818 3016 1029 3113 regnabitur
1047 3025 1162 3091 annos

279 3128 400 3201 Gente
420 3129 486 3202 sub
508 3128 715 3218 Hectorea3
743 3129 860 3202 donec
879 3128 1005 3226 regina
1023 3129 1190 3203 sacerdos

279 3240 402 3312 Marte
421 3264 539 3337 gravis
556 3265 750 3337 geminam
770 3245 879 3338 partu
899 3240 1000 3314 dab1t
1020 3229 1088 3314 llia
1104 3240 1254 3338 prolem.

278 3350 372 3425 Inde
392 3353 490 3450 lupae
507 3351 620 3426 fulvae
638 3353 786 3428 nutricis
805 3363 973 3450 tegmine
991 3353 1100 3426 laetus
1426 3376 1483 3430 275

279 3462 457 3537 Romulus
477 3473 638 3562 excipiet
656 3475 815 3561 gentem,
837 3473 874 3537 et
894 3465 1077 3537 Mavortia
1096 3465 1230 3538 condet

280 3575 438 3660 Moenia,
461 3575 645 3649 Romanos
664 3567 738 3675 que‘
756 3585 822 3649 suo
841 3576 886 3649 de
906 3585 1064 3649 nomine
1083 3576 1193 3650 dicet.

278 3684 348 3758 His
367 3711 435 3783 ego
454 3712 525 3761 nec
544 3693 661 3763 metas
680 3693 814 3777 rerum,
836 3712 906 3761 nec
924 3696 1091 3785 tempora
1107 3700 1225 3786 pono:

281 3797 483 3895 Imperium
503 3824 584 3872 sine
604 3798 682 3877 fine
702 3800 807 3887 dedi;
836 3800 923 3897 quin
942 3824 1071 3896 aspera
1088 3800 1200 3887 Ji‘ino,

278 3909 373 4001 Quae
393 3934 492 3984 mare
509 3935 609 3986 nunc
628 3921 743 3986 terras
760 3936 829 4012 que
848 3916 951 3985 metii
970 3912 1103 3986 coelum
1121 3937 1191 4010 que
1209 3912 1348 4008 fatigat,
1425 3931 1482 3986 230

280 4020 444 4094 Consilia
461 4047 503 4095 in
522 4023 655 4096 melius
675 4023 818 4111 reseret,
838 4028 1070 4121 mecumque
1089 4023 1226 4097 fovebit

280 4130 464 4207 Romanos
480 4141 603 4208 rerum
624 4135 805 4223 dominos,
825 4143 974 4231 gentem
994 4160 1062 4233 que
1081 4145 1256 4233 togatam.

280 4243 341 4316 Sic
361 4244 550 4340 placitum.
608 4246 746 4319 Veniet
762 4246 886 4320 lustris
905 4245 1113 4319 labentibus
1132 4255 1235 4333 aetas,

279 4355 404 4447 Quum
423 4355 554 4430 domus
573 4358 739 4431 Assaraci
759 4357 932 4431 Phthiam
952 4357 1067 4432 claras
1086 4383 1156 4457 que
1176 4358 1354 4457 Mycenas

279 4465 435 4540 Servitio
452 4480 605 4566 premet,
625 4480 667 4544 ac
687 4469 794 4542 victis
813 4468 1069 4542 dominabitur
1089 4469 1207 4565 Argis.
1424 4493 1481 4546 285

280 4576 466 4653 Nascetur
483 4582 637 4677 pulchra
656 4575 838 4678 Trojanus
858 4580 1001 4674 origine
1019 4584 1144 4655 Caesar

277 4688 497 4787 (Imperium
515 4703 663 4781 oceano,
683 4693 817 4768 famam
837 4716 901 4791 qui
916 4698 1102 4765 terminet
1122 4693 1257 4785 astris)

279 4800 417 4896 Julius,
437 4814 460 4878 a
477 4816 609 4902 magno
629 4806 830 4880 demissum
851 4813 984 4880 nomen
1005 4803 1105 4893 iulo;
