3675 5567
375 591 421 662 92
902 586 1051 654 vinomii

377 800 586 898 Implentur
603 804 735 870 veteris
755 793 891 869 Bacchi
910 786 1071 893 pinguis
1090 817 1162 889 que
1179 790 1317 866 ferinae.
1531 809 1590 866 215

376 914 580 1007 Postquam
599 918 771 1006 exempta
787 905 902 980 fames
923 905 1053 1003 epulis,
1074 928 1211 978 mensae
1231 927 1303 999 que
1322 911 1487 991 remote,

381 1012 552 1097 Amissos
570 1020 678 1117 longo
697 1027 814 1107 socios
832 1025 996 1092 sermone
1016 1016 1227 1117 requirunt3

381 1135 492 1232 Spem
512 1156 580 1232 que
597 1139 738 1205 metum
757 1154 829 1228 que
848 1140 952 1203 inter
971 1128 1083 1216 dubii,
1103 1153 1168 1202 seu
1185 1130 1305 1206 vivere
1325 1128 1490 1215 credant,

383 1247 469 1319 Sive
489 1250 655 1318 extrema
673 1244 763 1341 pati,
782 1266 850 1315 nec
865 1266 944 1339 Jam
964 1240 1137 1315 exaudire
1156 1249 1315 1317 vocatos.

383 1361 578 1453 Praecipue
597 1379 681 1452 pius
700 1355 845 1442 AEneits,
865 1365 954 1426 tunc
974 1363 1070 1427 iicr'is
1088 1353 1231 1440 Oronti,
1531 1368 1591 1424 220

382 1469 493 1542 Nunc
513 1466 646 1564 Amyci
664 1477 789 1541 casum
806 1474 936 1564 gemit,
956 1474 994 1538 et
1013 1463 1180 1538 crudelia
1199 1471 1324 1539 secum

381 1580 473 1655 Feta
492 1579 595 1677 Lyci,
615 1577 834 1677 fortemque
856 1578 976 1674 Gyan,
997 1575 1129 1648 sortem
1147 1601 1216 1675 que
1233 1576 1467 1652 Cloanthum.

439 1692 488 1765 Et
502 1715 580 1788 Jam
599 1687 690 1762 finis
710 1701 801 1775 erat,
821 1713 934 1788 quum
953 1690 1103 1785 Jupiter
1120 1689 1258 1761 aethere
1277 1698 1419 1762 summo

382 1807 601 1902 Despiciens
619 1825 721 1874 mare
739 1800 938 1876 velivolum
958 1810 1073 1873 tenes
1090 1824 1160 1898 que
1172 1806 1352 1894 jacentes,

382 1916 529 1988 Littora
546 1938 616 2013 que
636 1924 674 1985 et
692 1912 784 1988 latos
801 1912 967 2010 populos,
986 1911 1037 1985 sic
1056 1920 1195 1985 veitice
1215 1912 1302 1987 coeli
1534 1927 1593 1984 225

381 2031 575 2113 Constitit,
596 2034 634 2098 et
653 2024 785 2122 Libyae
805 2023 944 2097 defixit
961 2023 1114 2097 lumina
1132 2025 1264 2120 regnis

382 2141 504 2237 Atque
523 2136 627 2209 illum
649 2136 740 2210 tales
754 2145 956 2232 jactantem
975 2145 1126 2232 pectore
1147 2140 1251 2210 curiis

383 2250 484 2323 Tnst
469 2260 551 2335 tior,
573 2257 610 2321 et
628 2248 797 2345 lacrymis
816 2247 940 2321 oculos
956 2246 1094 2320 suffusa
1111 2253 1286 2334 nitentes

384 2360 748 2460 AlloquiturVenus:
768 2355 793 2394 “
783 2345 836 2434 ‘O
853 2359 914 2456 qui
930 2364 987 2432 res
1005 2358 1202 2432 hominum
1217 2383 1288 2456 que
1301 2358 1496 2458 deumque

382 2473 444 2546 AEt
429 2473 541 2546 ternis
560 2496 658 2568 regis
677 2471 859 2569 imperiis,
880 2480 917 2544 et
935 2470 1098 2543 fulmine
1118 2476 1245 2557 terres,
1533 2489 1594 2544 230

382 2585 488 2676 Quid
504 2608 608 2657 meus
627 2581 764 2658 AEneas
782 2608 824 2656 in
845 2588 882 2657 te
902 2591 1131 2657 committere
1150 2590 1308 2672 tantum,

384 2695 485 2778 Qu1d
507 2697 623 2769 Trr'ies
634 2704 706 2806 pot
692 2694 819 2770 tuere?
847 2695 981 2796 qulbus
1001 2702 1058 2766 tot
1076 2693 1207 2768 siinera
1223 2696 1350 2793 passis,

381 2811 545 2882 Cunctus
563 2807 609 2881 ob
630 2790 812 2881 ltaliamt
796 2814 975 2880 terrarum
995 2805 1130 2880 claudit
1116 2815 1177 2879 tur
1196 2808 1303 2879 orbis

381 2923 490 2993 Certe
511 2920 603 2992 hinc
623 2919 807 2993 Romanos
825 2919 923 3007 olim,
943 2918 1171 2992 volventibus
1188 2919 1305 3006 annis,

382 3030 489 3105 Hinc
509 3029 586 3104 fore
606 3030 784 3119 ductores,
803 3039 974 3106 revocato
991 3041 1014 3104 ti
1034 3037 1220 3126 sanguine
1242 3029 1389 3116 Teucri,
1535 3048 1595 3103 235

385 3142 458 3225 Qui
477 3167 590 3229 mare,
611 3143 673 3238 qui
688 3153 803 3216 terres
823 3143 925 3216 omni
944 3142 1087 3215 ditione
1105 3147 1286 3231 tenerent,

382 3255 600 3328 Pollicitus:
632 3280 713 3353 quae
730 3260 779 3342 te,
798 3262 955 3351 gemtor,
976 3264 1162 3327 sententia
1178 3254 1316 3328 vertit?

384 3365 465 3438 Hoc
486 3365 664 3462 equidem
682 3376 852 3439 occasum
871 3367 993 3462 TroJae
1009 3371 1131 3439 tristes
1150 3391 1219 3465 que
1239 3366 1361 3439 ruinas

385 3477 548 3563 Solebar,
572 3476 654 3550 fetis
674 3485 857 3551 contraria
874 3476 951 3551 sata
968 3477 1196 3576 rependens:

382 3589 495 3661 Nunc
516 3587 644 3661 eadem
663 3586 809 3662 fortuna
827 3600 922 3663 viros
941 3598 998 3664 tot
1017 3589 1162 3664 ciisibus
1180 3598 1279 3662 actos
1535 3609 1595 3665 240

384 3699 618 3798 Insequitur:
648 3724 757 3796 quem
777 3700 841 3774 diis
860 3700 989 3789 finem,
1008 3726 1074 3775 rex
1092 3725 1237 3796 magne,
1257 3702 1451 3777 laborum?

383 3811 551 3884 Antenor
569 3820 710 3909 potuit,
729 3813 862 3886 mediis
881 3814 1026 3911 elapsus
1046 3812 1205 3898 Achivis

384 3923 552 4020 Illyricos
572 3932 765 4022 penetrare
784 3930 904 4012 sinus,
925 3935 1032 4024 atque
1051 3934 1192 3997 intima
1209 3927 1311 3999 tutus

385 4034 514 4130 Regna
532 4036 792 4125 Liburnorum,
814 4046 851 4110 et
869 4036 1010 4110 fontem
1029 4046 1199 4134 superare
1219 4038 1379 4127 Timavi,

384 4146 492 4219 Unde
512 4155 659 4246 perora
678 4172 811 4221 novem
830 4158 934 4222 vasto
951 4173 1035 4222 cum
1053 4172 1238 4222 murmure
1257 4160 1394 4223 montis
1536 4171 1597 4226 245

386 4259 421 4331 It
435 4283 534 4332 mare
553 4267 782 4356 proruptum,
803 4270 841 4333 et
860 4261 991 4359 pelago
1009 4272 1148 4359 premit
1167 4286 1254 4334 arva
1273 4262 1430 4336 sonanti.

386 4369 458 4441 Hic
478 4379 601 4443 tamen
620 4371 685 4444 ille
705 4371 834 4444 urbem
854 4374 997 4461 Patavi,
1013 4372 1117 4446 sedes
1137 4398 1209 4470 que
1228 4374 1362 4448 locavit

386 4481 622 4572 Teucrorum,
643 4493 680 4555 et
698 4483 799 4580 genti
818 4493 951 4558 nomen
972 4485 1087 4571 dedit,
1107 4511 1209 4558 arma
1227 4511 1296 4585 que
1315 4485 1405 4559 fixit

389 4593 520 4665 Troia:
550 4617 648 4667 nunc
665 4595 808 4692 placida
827 4608 1035 4697 compostus
1054 4607 1144 4696 pace
1164 4607 1338 4696 quiescit.

386 4704 476 4791 NoS,
496 4716 559 4779 tua
576 4713 784 4803 progenies,
806 4709 888 4782 coeli
908 4710 1042 4809 quibus
1060 4733 1195 4782 annuis
1214 4734 1349 4805 arcem,
1538 4727 1599 4784 250

385 4818 568 4906 Navibus
588 4817 808 4893 infandum!
838 4822 997 4908 arnissis,
1018 4815 1131 4896 unius
1149 4821 1195 4894 ob
1214 4823 1305 4895 iram
