3675 5567
750 587 906 656 nuiinos
924 607 970 656 iv.
1396 587 1468 659 157

260 793 545 867 “Dissimulare
566 802 675 865 etiam
694 796 858 890 sperasti,
879 795 1036 892 perfide,
1055 803 1199 868 tantum
1407 811 1467 867 305

262 908 374 978 Posse
393 905 520 978 nefas?
549 915 687 978 tamtus
712 931 783 1001 que
806 917 887 979 mea
905 907 1081 980 decedere
1100 907 1225 981 terra?

260 1018 342 1089 Nec
362 1021 398 1088 te
418 1026 541 1089 noster
558 1041 671 1102 amor,
691 1041 757 1089 neo
776 1023 813 1088 te
833 1018 918 1090 data
937 1020 1087 1091 dextera
1105 1019 1300 1118 quondam,

262 1128 342 1200 Nec
363 1133 537 1201 montura
554 1135 656 1200 tenet
677 1129 814 1201 crudeli
834 1129 960 1202 funere
980 1131 1107 1203 Dido?

262 1240 359 1331 Quin
381 1252 497 1312 etiam
514 1241 666 1312 hiberno
685 1241 819 1311 melius
839 1241 956 1314 sidere
977 1242 1142 1331 classem,

264 1353 312 1424 Et
333 1352 460 1424 mediis
479 1362 651 1448 properas
673 1352 917 1450 Aquili'mibus
935 1353 988 1425 ire
1008 1377 1073 1450 per
1092 1353 1217 1439 altum,
1410 1371 1467 1426 310

265 1463 465 1536 Crudelis?
512 1463 645 1555 Quid?
673 1463 702 1536 si
722 1471 793 1535 nen
813 1488 899 1536 arva
917 1465 1037 1537 aliena
1057 1466 1267 1562 domosque

265 1575 412 1669 ignotas
430 1582 584 1672 peteres,
605 1584 641 1646 et
660 1576 771 1671 TroJa
790 1576 939 1674 antiqua
958 1584 1135 1659 maneret,

267 1688 377 1782 TroJa
396 1711 461 1783 per
479 1687 660 1760 undesum
677 1691 864 1783 peteretur
883 1687 1056 1761 classibus
1074 1712 1201 1784 aequor
1216 1692 1230 1760 1

266 1797 330 1869 Me
349 1822 395 1870 ne
417 1798 531 1894 fugis?
557 1822 621 1894 per
640 1823 706 1893 ego
727 1798 791 1870 has
809 1797 998 1895 lacrymas,
1013 1797 1265 1897 dextramque
1284 1809 1399 1888 tuam,
1415 1806 1464 1886 te,

263 1908 432 2000 (Quando
452 1909 557 1982 aliud
577 1909 675 1981 mihi
688 1934 766 2005 Jam
785 1935 935 1982 miserae
953 1910 1052 1983 nibil
1071 1936 1148 2008 ipsa
1166 1911 1325 2009 reliqui)
1410 1929 1466 1984 315

265 2020 336 2092 Per
354 2023 540 2094 connubia
560 2032 696 2107 nostra,
718 2046 785 2119 per
799 2032 968 2119 inceptos
988 2024 1219 2118 Hymenaees,

264 2131 303 2203 Si
321 2134 414 2205 bene
435 2133 531 2227 quid
549 2132 594 2203 de
614 2138 650 2204 te
669 2133 795 2221 merui,
814 2132 892 2206 fuit
910 2144 974 2206 aut
992 2134 1058 2206 tibi
1078 2135 1277 2234 quidquam

264 2245 380 2319 Dulce
398 2269 543 2329 meum3
574 2250 753 2316 miserere
773 2245 901 2319 domus
922 2245 1091 2325 labentis,
1112 2259 1149 2319 et
1167 2256 1287 2333 istam,

265 2341 357 2438 Ore,
380 2344 517 2453 siquis
537 2354 654 2428 adhue
672 2358 838 2453 precibus
855 2357 970 2444 locus,
990 2382 1083 2431 exue
1102 2369 1274 2430 mentem.

266 2468 320 2538 Te
339 2480 487 2564 propter
507 2467 652 2562 Libycae
671 2475 800 2563 gentes
820 2468 1031 2541 Nomadum
1050 2494 1119 2568 que
1139 2470 1283 2568 tyranni
1409 2489 1466 2542 320

265 2565 400 2659 Odere,
423 2579 559 2651 infensi
581 2580 706 2676 Tyr1i;
735 2587 772 2652 te
791 2589 941 2678 propter
960 2581 1114 2653 eundem

265 2690 462 2764 Extinctus
479 2692 608 2787 pudor,
629 2703 677 2778 et,
699 2703 770 2790 qua
787 2691 861 2765 sola
879 2692 998 2764 sidera
1016 2693 1172 2778 adibam,

262 2801 378 2874 Fama
397 2827 508 2899 prior.
566 2807 637 2876 Cui
657 2808 715 2874 me
735 2804 989 2875 moribundam
1009 2804 1154 2892 deseris,
1174 2804 1334 2900 hospes?

265 2913 346 2986 Hec
366 2914 481 2987 selum
499 2922 632 2987 nomen
654 2938 829 3009 quoniam
848 2914 894 2986 de
915 2939 1068 3010 conjuge
1087 2925 1217 2988 restat.

264 3025 369 3116 Quid
388 3024 539 3098 moror?
566 3049 613 3097 an
634 3050 715 3098 mea
735 3025 949 3122 Pygmalion
969 3026 1055 3101 dum
1075 3052 1216 3101 moenia
1235 3027 1346 3101 frater
1410 3046 1482 3105 325,

265 3139 452 3223 Destruat,
469 3148 532 3209 aut
551 3148 695 3233 captam
714 3138 823 3211 ducat
844 3136 1011 3210 Gaetulus
1031 3137 1181 3212 Iarbas?

266 3249 403 3320 Saltem
423 3249 451 3321 si
470 3274 539 3347 qua
557 3242 652 3320 mihi
671 3249 716 3321 de
737 3258 774 3320 te
794 3259 962 3347 suscepta
979 3249 1110 3322 fuisset

266 3361 364 3433 Ante
382 3359 503 3456 sugam
524 3361 674 3449 soboles
696 3361 726 3434 si
746 3386 831 3456 quis
850 3361 946 3433 mlhl
965 3362 1136 3459 parvulus
1155 3362 1238 3435 aula

265 3471 427 3544 Luderet
447 3474 594 3557 AEneas,
613 3474 673 3570 qui
696 3479 729 3545 te
750 3484 872 3545 tamen
893 3481 955 3545 ore
973 3472 1134 3558 referret,

266 3583 352 3655 Non
372 3583 543 3679 equidem
563 3585 709 3657 omnine
728 3596 835 3681 capta
856 3596 899 3658 ao
916 3584 1060 3658 deserta
1081 3586 1259 3658 viderer.”
1410 3605 1467 3659 330

323 3699 488 3768 Dixerat.
550 3697 615 3768 llle
634 3697 655 3768 J
660 3721 735 3768 ovis
754 3697 907 3770 monitis
928 3706 1085 3770 immeta
1103 3699 1251 3770 tenebat

267 3807 446 3895 Lumina,
468 3821 504 3880 et
524 3810 682 3882 obnixus
700 3813 823 3881 curam
844 3811 910 3881 sub
931 3809 1040 3881 corde
1059 3811 1259 3905 premebat.

268 3919 433 3990 Tandem
451 3946 566 4017 pauca
585 3919 716 3991 refert:
747 3919 862 4015 “Ego
883 3927 931 4007 te,
951 3944 1033 4017 quae
1052 3921 1214 4015 plurima
1231 3920 1341 3992 fando

267 4017 493 4104 Enumerare
511 4032 618 4118 vales,
640 4055 838 4129 nunquam,
861 4031 995 4127 regina,
1017 4032 1157 4125 negabo

267 4143 519 4227 Premeritam,
541 4168 607 4216 nec
628 4150 685 4212 me
706 4167 927 4215 meminisse
946 4142 1083 4238 pigebit
1102 4143 1222 4230 Elisae,
1410 4162 1466 4215 335

267 4254 366 4327 Dum
384 4280 525 4331 memor
543 4279 622 4351 ipse
640 4254 722 4338 mei,
743 4255 829 4327 dum
850 4256 999 4351 spiritus
1018 4252 1083 4324 hos
1101 4262 1198 4348 regit
1217 4259 1328 4327 artus.

268 4368 338 4437 Pro
359 4373 396 4439 te
415 4392 531 4463 pauca
549 4366 695 4464 loquar:
726 4390 838 4462 neque
859 4390 926 4461 ego
947 4364 1041 4436 hanc
1062 4365 1280 4437 abscondere
1300 4367 1393 4440 suite

269 4477 428 4574 Speravi,
449 4485 494 4550 rie
515 4480 632 4574 finge,
652 4468 795 4572 sugam3
825 4501 892 4549 nec
913 4500 1076 4572 conjugis
1092 4502 1249 4574 uuquam

268 4590 450 4663 Praetendi
469 4591 596 4676 taedas,
615 4600 679 4662 aut
698 4589 777 4661 haec
797 4613 839 4660 iri
859 4589 999 4660 soedera
1021 4587 1116 4659 veni.

268 4702 332 4773 Me
352 4703 382 4774 si
401 4702 475 4774 fata
494 4705 582 4774 meis
602 4710 811 4799 paterentur
830 4701 964 4773 ducere
983 4700 1095 4771 vitam
1411 4718 1467 4772 340

269 4814 459 4912 Auspiciis
481 4825 517 4886 et
537 4825 666 4910 sponte
686 4824 768 4886 mea
787 4824 1004 4910 componere
1025 4814 1137 4897 curas
