3675 5567
849 585 983 636 noiomi
1001 587 1047 638 vi.
1506 571 1550 636 13

348 777 448 848 Dum
467 798 536 872 que
555 772 682 870 thymo
700 781 895 871 pascentur
913 777 1012 869 apes,
1032 771 1119 844 dum
1136 780 1215 844 rore
1236 773 1385 864 cicadae,

349 887 500 984 Semper
519 886 647 971 honos,
667 894 802 958 nornen
823 909 891 982 que
911 895 1027 967 tuum,
1048 883 1173 957 laudes
1192 910 1262 983 que
1280 886 1491 960 manebunt.

350 997 402 1069 Ut
422 996 581 1084 Baccho,
600 997 725 1070 Geren
744 1021 813 1095 que
833 989 904 1069 tibi
923 995 974 1069 sic
992 1003 1077 1069 vota
1095 996 1289 1093 quotannis

349 1107 536 1204 Agricolae
555 1108 713 1182 facient:
744 1108 935 1182 damnabis
953 1111 995 1180 tu
1012 1131 1154 1206 quoque
1172 1109 1274 1182 votis.
1513 1129 1551 1181 ao

279 1219 346 1314 top.
357 1221 452 1312 Quae
469 1221 555 1309 tibi,
576 1245 659 1318 quae
678 1219 743 1295 tali
762 1220 912 1293 reddam
930 1227 996 1317 pro
1015 1243 1177 1293 carmine
1196 1219 1322 1293 dona?

356 1333 455 1404 Nam
474 1357 590 1430 neque
610 1339 670 1404 me
688 1340 832 1405 tantum
849 1340 1038 1405 vementls
1056 1330 1184 1403 sibilus
1201 1332 1326 1419 austri,

353 1444 436 1516 Nec
456 1468 626 1539 percussa
640 1452 771 1541 Juvant
790 1443 908 1515 fluctu
927 1453 1003 1514 tarn
1023 1440 1161 1535 littora,
1181 1468 1249 1516 nec
1269 1469 1351 1542 quae

355 1554 510 1628 Saxosi'is
529 1565 627 1627 inter
645 1555 842 1628 decurrunt
861 1554 1016 1627 flumina
1032 1552 1154 1627 valles.

279 1666 335 1738 cn.
350 1665 431 1738 Hac
451 1672 488 1739 te
508 1674 574 1739 nos
592 1665 711 1762 fragili
728 1666 946 1741 donabimus
964 1671 1049 1738 ante
1068 1667 1195 1738 cicuta.
1515 1687 1553 1740 aa

352 1777 446 1850 Haec
465 1786 544 1864 noe,
564 1776 810 1851 “Formosum
828 1777 998 1874 Corydon
1018 1777 1170 1849 ardebat
1186 1775 1330 1849 Alexim
1344 1778 1380 1864 ;''

350 1888 444 1961 Haec
463 1889 591 1961 eadem
610 1889 753 1976 docuit,
773 1888 937 1985 “CiiJum
954 1887 1097 1986 pecus?
1125 1912 1172 1960 an
1192 1886 1358 1965 Mehboei
1371 1889 1414 1962 ?”

279 2002 338 2098 op.
351 2000 400 2070 At
421 2004 461 2073 tri
480 2004 583 2074 sume
602 2001 749 2099 pedum,
767 2001 865 2099 quod
882 2006 942 2072 me
962 2024 1073 2098 quum
1091 2024 1190 2097 saepe
1209 2009 1366 2095 rogaret,

350 2112 389 2183 N
391 2119 438 2182 dn
459 2111 545 2185 tulit
563 2113 777 2210 Antigenes,
797 2120 835 2186 et
855 2120 934 2186 erat
950 2122 1030 2184 tum
1050 2112 1184 2209 d1gnus
1202 2112 1327 2200 amari,

351 2224 564 2297 Formosmn
582 2226 729 2324 paribus
747 2224 851 2298 nodis
870 2232 979 2323 atque
998 2249 1083 2309 aare,
1103 2222 1285 2297 Menalca.
1517 2244 1553 2296 oo

932 2552 1037 2563 -——

664 2798 865 2871 unioni
896 2778 1239 2872 vi-siuiiuus

357 3000 479 3070 Peius
500 2998 694 3094 Syracosio
713 2998 866 3093 dignata
884 3007 939 3071 est
958 2997 1083 3071 ludere
1102 3002 1220 3085 versit,

354 3112 493 3182 Nostra
511 3133 580 3182 nec
601 3111 753 3182 erubuit
773 3108 881 3184 silvas
899 3108 1067 3183 habitare
1089 3109 1229 3183 Thalia.

352 3222 477 3313 Quum
497 3245 665 3294 canerem
684 3227 788 3319 reges
807 3230 845 3295 et
863 3221 1003 3318 praelia,
1023 3221 1213 3320 Cynthius
1231 3246 1357 3295 aurem

353 3333 477 3424 Vellit,
499 3341 536 3405 et
555 3332 773 3408 admonuit:
803 3334 814 3368 ‘
830 3335 1032 3422 Pastorem,
1054 3334 1194 3431 Tityre,
1213 3342 1372 3432 pingues

354 3446 507 3517 Pascere
527 3453 672 3543 oportet
690 3450 784 3535 oveS,
805 3446 1004 3520 deductum
1023 3445 1143 3520 dicere
1164 3448 1336 3519 carmen’
1536 3469 1553 3521 5

350 3558 462 3629 Nunc
483 3580 562 3652 eg0,
583 3557 752 3656 (namque
772 3582 881 3656 super
899 3558 973 3631 tibi
993 3567 1112 3650 erunt,
1132 3558 1193 3655 qui
1214 3557 1335 3630 dicere
1356 3559 1494 3647 laudes

350 3667 458 3754 Vane,
479 3678 561 3743 tuas
580 3679 744 3766 cupiant,
765 3679 803 3743 et
821 3678 945 3743 tristia
964 3655 1120 3742 condere
1138 3667 1262 3757 bella,)

348 3781 541 3875 Agrestem
559 3782 661 3853 tenui
679 3781 886 3854 meditabor
901 3780 1082 3854 arund1ne
1099 3785 1251 3854 mirsam.

351 3892 438 3963 Non
459 3915 597 3987 injussa
616 3891 732 3966 cano:
763 3892 794 3965 si
812 3916 897 3991 quis
918 3902 1041 3965 tamen
1058 3892 1139 3965 haec
1159 3917 1312 3990 quoque,
1331 3893 1361 3966 si
1380 3918 1468 3992 quis

349 4005 488 4100 Captus
508 4010 629 4074 amore
648 4003 759 4099 leget,
779 4012 816 4076 te
835 4011 983 4095 nostrae,
1004 4004 1113 4089 Vare,
1135 4004 1296 4100 myricae,
1514 4023 1549 4077 lo

352 4116 407 4186 Te
428 4139 556 4187 nemus
575 4138 683 4186 omne
703 4125 821 4205 canet,
839 4139 908 4188 nec
930 4115 1069 4190 Phoebo
1086 4125 1225 4214 gratior
1243 4116 1321 4188 ulla
1338 4126 1406 4204 est,

352 4227 473 4318 Quam
493 4225 567 4298 sibi
585 4250 667 4323 quae
686 4226 773 4300 Vari
792 4237 1020 4324 praescripsit
1037 4239 1175 4326 pagina
1193 4236 1337 4302 nomen.

354 4340 513 4433 pergite,
533 4338 706 4412 Pierides
763 4337 936 4413 Chromis
955 4348 992 4413 et
1011 4339 1202 4435 Mnasylus
1220 4363 1260 4411 in
1281 4350 1386 4415 antro

354 4450 518 4523 Silenum
536 4449 640 4547 pueri
659 4457 786 4522 somno
804 4449 926 4525 videre
939 4459 1135 4548 jacentem,

354 4561 528 4635 Inflatum
547 4560 718 4635 hesterno
734 4568 854 4645 venas,
875 4572 916 4634 ut
935 4586 1090 4658 semper,
1112 4561 1252 4637 Iaccho.
1515 4584 1549 4638 15

356 4675 461 4746 Serta
478 4675 605 4770 procul
625 4684 769 4747 tantum
788 4673 901 4771 capiti
920 4672 1067 4771 delapsa
1077 4673 1259 4770 jacebant,

355 4790 404 4860 ut
422 4810 543 4881 gravis
561 4787 685 4860 attrita
703 4786 887 4885 pendebat
906 4785 1102 4860 cantharus
1121 4799 1218 4862 ansa.
