3675 5567
385 599 432 666 52
913 583 1062 660 vinciui

391 806 596 877 Pascuntur
614 827 682 899 que
703 807 804 898 ignes
823 801 1006 890 nocturni,
1025 807 1062 871 et
1084 800 1235 873 lumina
1252 800 1422 876 fundunt.

393 915 443 987 Et
461 915 626 988 dubitant
647 914 821 987 homines
840 935 960 984 serere
981 921 1087 1008 atque
1105 912 1320 1008 impendere
1344 912 1499 987 curam?

449 1026 555 1119 Quid
579 1035 715 1122 majora
733 1026 890 1120 sequar?
947 1023 1102 1113 Salices
1122 1022 1287 1098 humiles
1307 1051 1377 1122 que
1396 1040 1568 1122 genistae,

394 1141 470 1212 Aut
490 1138 569 1212 illae
587 1137 710 1235 pecori
727 1136 907 1221 frondem,
927 1146 991 1207 aut
1009 1136 1215 1231 pasteribus
1235 1139 1382 1211 umbras

395 1249 611 1337 Sufficiunt,
630 1255 754 1346 sepem
774 1272 844 1347 que
862 1246 959 1335 satis
981 1255 1018 1317 et
1036 1246 1170 1341 pabula
1188 1248 1301 1322 melli.
1534 1268 1595 1322 435

393 1364 443 1435 Et
455 1373 558 1458 Juvat
577 1361 777 1433 undantem
794 1359 892 1431 buxo
910 1367 1073 1455 spectare
1091 1361 1267 1454 Cytorum

395 1472 566 1569 Neryciae
585 1496 656 1568 que
674 1495 768 1570 picis
786 1471 886 1543 lucos
896 1499 906 1557 余
929 1480 1032 1567 Juvat
1053 1492 1138 1541 arva
1155 1471 1279 1543 videre

394 1586 481 1657 Non
502 1585 626 1657 rastris
646 1583 858 1669 hominum,
878 1591 951 1653 nen
969 1581 1035 1654 ulli
1054 1580 1215 1656 obnoxia
1235 1586 1346 1656 ciirae.

396 1695 491 1791 lpsae
509 1700 686 1770 Caucasio
704 1694 847 1767 steriles
864 1716 909 1764 1n
928 1707 1061 1766 vertice
1080 1690 1190 1775 silvae,

395 1808 495 1899 Ques
514 1805 676 1879 animosi
696 1805 788 1877 Euri
805 1803 947 1877 assidue
965 1802 1138 1897 frangunt
1157 1828 1226 1901 que
1245 1803 1466 1906 feruntque,
1536 1828 1595 1883 440

396 1917 496 1990 Dant
514 1918 603 1990 alies
623 1917 710 1990 aliae
730 1917 865 2002 lietus3
892 1914 982 1986 dant
1000 1914 1092 1987 utile
1112 1916 1253 2011 lignum

396 2029 562 2126 Navigiis
581 2029 695 2126 pinos,
716 2027 890 2100 dom1bus
908 2025 1056 2098 cedrum
1077 2051 1147 2123 que
1167 2038 1350 2125 cupressos
1368 2056 1458 2129 que余

396 2139 498 2212 Hinc
518 2140 636 2213 radies
656 2139 787 2213 trivere
806 2138 907 2224 rotis,
928 2136 1017 2210 hinc
1035 2147 1211 2234 tympana
1229 2141 1398 2236 plaustris

395 2252 592 2347 Agricolae,
614 2262 651 2324 et
668 2250 806 2347 pandes
824 2248 963 2322 ratibus
978 2255 1134 2345 posuere
1154 2251 1304 2325 carines.

397 2362 615 2436 Viminibus
635 2362 764 2435 salices
782 2360 974 2447 foecundae,
993 2361 1182 2434 frondibus
1203 2361 1316 2452 ulmi3

396 2475 446 2546 At
465 2484 606 2570 myrtus
623 2472 754 2548 validis
774 2471 971 2559 hastilibus,
995 2484 1032 2547 et
1051 2474 1147 2546 bona
1164 2472 1259 2547 bello

395 2588 563 2675 Cornus3
593 2587 746 2658 Ituraees
764 2584 839 2658 taxi
858 2594 1075 2681 torquentur
1092 2609 1135 2656 in
1155 2590 1282 2675 arcus3

398 2696 478 2770 Nec
496 2698 590 2771 tihae
608 2698 729 2783 laeves,
750 2706 813 2769 aut
831 2706 939 2768 torno
958 2697 1063 2769 rasile
1083 2697 1221 2769 buxum

396 2811 484 2882 Non
502 2808 656 2883 sormam
676 2821 870 2906 accipiunt,
891 2806 984 2878 serre
1001 2834 1070 2906 que
1090 2818 1263 2881 cavantur
1280 2815 1411 2897 acut63

397 2921 570 2993 Necnon
591 2930 628 2993 et
645 2929 846 2993 torrentem
865 2919 1001 2992 undam
1020 2922 1106 2993 levis
1124 2930 1272 2994 innatat
1291 2922 1396 2995 alnus

400 3032 517 3104 M1ssa
535 3033 658 3119 Pado余
686 3057 754 3104 nec
774 3040 848 3103 non
868 3041 905 3105 et
924 3036 1010 3128 apes
1030 3043 1206 3106 examina
1225 3033 1388 3108 condunt

397 3144 601 3216 Corticrbus
619 3169 688 3241 que
707 3144 801 3217 cavis
817 3154 953 3216 vitiesae
973 3167 1043 3238 que
1062 3145 1155 3217 ilicis
1174 3145 1288 3216 alvee.

398 3254 500 3346 Quid
518 3256 794 3329 memorandum
814 3261 919 3351 aeque
942 3254 1122 3327 Baccheia
1139 3255 1234 3328 dena
1252 3257 1444 3330 tulerunt?

400 3366 564 3440 Bacchus
583 3376 619 3440 et
638 3367 683 3440 ad
703 3366 848 3463 culpam
866 3377 991 3440 causes
1009 3366 1130 3439 dedit:
1159 3367 1224 3440 ille
1243 3367 1403 3442 furentes

398 3481 600 3551 Centauros
620 3478 721 3550 letho
742 3477 903 3563 domuit,
923 3477 1101 3551 Rhoetum
1121 3503 1192 3574 que
1215 3479 1370 3553 Pholum
1392 3506 1477 3577 que,

400 3589 449 3661 Et
467 3597 599 3685 niagno
619 3588 792 3684 Hylaeum
813 3588 978 3686 Lapithis
996 3595 1133 3664 cratere
1153 3603 1371 3681 minantem,

455 3686 490 3775 O
510 3699 711 3772 fortunales
729 3723 914 3788 nimium,
934 3727 999 3774 sua
1020 3703 1050 3774 si
1069 3703 1164 3775 bona
1181 3703 1321 3791 neunt,

399 3811 611 3907 Agricolas!
640 3811 774 3909 quibus
791 3837 879 3908 ipsa,
898 3813 1027 3910 procul
1046 3813 1270 3887 discordrhus
1288 3816 1408 3902 armiS,

399 3923 536 3996 Fundit
556 3922 667 3994 humo
686 3921 829 3995 facilem
846 3937 982 3998 victum
996 3938 1196 4020 Justlsslma
1214 3926 1332 4001 tellus

399 4034 439 4106 Si
460 4044 531 4106 non
549 4043 740 4129 mgentem
758 4033 894 4109 foribus
915 4037 1045 4109 domus
1062 4037 1136 4110 alta
1155 4039 1318 4135 superbis

401 4146 513 4219 Mene
532 4145 753 4219 salutantum
771 4146 856 4219 totis
873 4158 991 4221 vomit
1009 4148 1147 4222 aedibus
1166 4150 1323 4223 undam:

399 4258 480 4331 Nec
500 4269 616 4330 vanos
636 4258 785 4331 inhiant
803 4258 956 4355 pulchra
973 4261 1160 4334 testudine
1179 4267 1314 4358 postes,

400 4369 532 4442 Illuses
552 4394 622 4464 que
641 4377 729 4441 auro
748 4375 881 4458 vestes,
902 4371 1175 4470 Ephyreiaque
1195 4397 1291 4456 aera余

399 4480 494 4552 Alba
513 4505 626 4579 neque
646 4483 793 4580 Assyrio
811 4480 954 4557 fucatur
972 4484 1056 4559 lena
1074 4491 1226 4570 venene,

401 4592 479 4665 Nec
498 4604 598 4666 casia
616 4592 749 4690 quuidi
768 4606 1015 4693 corrumpitur
1032 4603 1117 4671 usus
1135 4596 1241 4668 olivi:

401 4708 451 4776 At
468 4709 595 4778 secura
613 4711 735 4801 quies,
755 4716 792 4778 et
811 4732 935 4779 nescia
953 4707 1080 4781 sallere
1099 4708 1181 4782 vita

399 4815 508 4892 Dives
529 4841 639 4915 opum
661 4827 862 4905 variarum3
892 4828 929 4890 at
947 4818 1029 4892 letis
1047 4827 1119 4890 etia
1138 4815 1270 4904 fundis,
