3675 5567
711 581 872 648 anticos
890 597 936 646 xi.
983 668 985 673 ,

223 789 411 864 Nobilitas
430 785 552 872 dabat,
573 794 754 859 incertum
775 787 820 859 de
840 794 943 884 patre
962 782 1127 872 ferebat)

227 901 366 997 Surgit,
387 909 424 972 et
445 898 503 972 his
525 908 652 971 onerat
673 898 792 985 dictis,
812 908 922 995 atque
940 907 1087 994 aggerat
1105 898 1198 970 iras:

224 1011 249 1041 “
265 1014 359 1085 Rem
378 1011 471 1085 nulli
490 1012 693 1096 obscuram,
713 1019 847 1083 nostiae
865 1035 932 1081 nec
952 1019 1050 1082 vecis
1069 1018 1250 1105 egentem,

226 1124 415 1208 Consulis,
433 1123 568 1195 ebone
587 1146 665 1195 rex.
722 1122 854 1196 Cuncti
875 1129 912 1194 se
933 1122 1024 1193 scire
1043 1119 1216 1213 fatentur,

226 1235 328 1328 Quid
347 1234 492 1308 lortiina
509 1233 601 1306 ferat
619 1232 756 1330 populi,
778 1233 841 1306 sed
860 1233 979 1306 dicere
998 1241 1170 1306 mussant.
1372 1250 1428 1304 345

229 1334 304 1420 Det
325 1347 528 1420 libertatem
549 1344 659 1432 fandi,
680 1346 788 1418 flatus
809 1370 877 1441 que
897 1354 1073 1425 remittat,

230 1461 347 1554 Cujus
366 1459 412 1530 ob
433 1481 638 1552 auspicium
656 1456 855 1528 infaustum
875 1462 994 1527 meres
1012 1482 1081 1554 que
1099 1466 1276 1547 sinistros

229 1567 378 1659 (Dicam
400 1569 583 1667 equidem,
604 1568 689 1640 licet
707 1592 808 1640 anna
826 1569 921 1639 mihi
940 1579 1095 1640 mortem
1114 1596 1182 1668 que
1200 1565 1393 1653 minetur,)

231 1683 397 1755 Li'imina
415 1690 471 1754 tot
491 1681 661 1754 cecidisse
682 1679 828 1764 ducum,
848 1687 961 1751 tetam
980 1705 1050 1776 que
1071 1682 1235 1755 videmus

233 1793 461 1867 Consedisse
482 1794 606 1865 urbem
625 1791 749 1875 luctii;
778 1791 866 1862 dum
887 1792 998 1863 Treia
1016 1801 1135 1864 tentat
1376 1811 1432 1863 350

234 1907 366 1978 Castra
381 1904 478 2001 fugae
495 1903 626 1992 fidens,
648 1913 685 1975 et
705 1901 838 1974 coelum
856 1912 998 1975 territat
1017 1903 1136 1977 armis.

232 2005 360 2091 Unum
380 2028 491 2088 etiam
511 2016 613 2088 denis
631 2015 719 2098 istis,
738 2039 820 2110 quae
840 2014 1010 2110 plurima·
1022 2016 1121 2088 mitti

234 2127 457 2201 Dardanidis
474 2127 542 2200 dici
560 2152 627 2225 que
642 2126 759 2220 jubes
779 2130 904 2210 imum,
928 2136 1068 2223 optime
1088 2133 1226 2224 regum,

238 2239 425 2334 AdJicias3
454 2263 522 2312 nec
541 2244 577 2310 te
598 2233 711 2311 ull'ius
730 2237 908 2310 violentia
926 2248 1059 2329 vincat,

237 2351 336 2442 Quin
354 2359 478 2424 natam
498 2355 646 2446 egregie
664 2358 799 2445 genere
819 2349 1020 2447 dignisque
1039 2351 1240 2445 hymenaeis
1379 2367 1436 2420 355

239 2463 314 2534 Des
333 2472 449 2558 pater,
470 2471 507 2535 et
525 2472 652 2558 pacem
674 2461 767 2533 hanc
787 2470 926 2534 aeterne
943 2461 1080 2535 foedere
1095 2473 1241 2558 jungas.

240 2574 349 2656 Quod
368 2574 399 2647 si
417 2584 542 2646 tantus
562 2572 672 2644 habet
692 2578 833 2645 mentes
853 2582 891 2644 et
909 2583 1058 2668 pectora
1076 2583 1205 2661 terror,

240 2687 365 2782 Ipsum
383 2686 616 2768 obtestemur,
638 2708 780 2756 veniam
800 2708 871 2779 que
891 2689 1036 2756 eremus
1054 2685 1099 2756 ab
1119 2694 1217 2782 ipsi'i3

242 2798 370 2882 Cedat,
384 2801 445 2893 Ji'is
463 2820 653 2894 proprium
673 2795 749 2889 regi
768 2805 898 2891 patriae
918 2819 987 2892 que
1007 2805 1178 2869 remittat.

242 2909 345 3001 Quid
364 2916 513 2981 nnseres
531 2913 640 2980 toties
659 2931 702 2979 in
723 2915 849 3003 aperta
867 2907 1029 3004 pericula
1048 2908 1143 2981 cives
1382 2925 1440 2980 360

242 3022 407 3116 PreJiciS,
428 3029 450 3091 ὸ
469 3019 575 3091 Latii'i
595 3032 705 3116 caput
722 3017 850 3091 herum
870 3030 907 3092 et
926 3043 1035 3091 causa
1053 3019 1256 3092 maleruml

243 3132 356 3204 Nulla
375 3131 471 3205 saliis
491 3130 609 3218 belle;
638 3141 764 3226 pacem
785 3135 820 3201 te
841 3154 1030 3227 poscimus
1050 3138 1188 3218 omnes

245 3245 383 3332 Turne,
403 3243 515 3316 simul
534 3253 637 3339 pacis
656 3241 774 3315 selum
792 3240 1004 3315 inviolabile
1024 3267 1170 3340 pignus,

247 3355 389 3428 Primus
409 3380 488 3451 ego,
509 3354 680 3441 (invisum
700 3378 807 3453 quem
826 3358 869 3427 tii
887 3355 958 3426 tibi
977 3353 1102 3450 fingis,
1124 3365 1160 3426 et
1180 3379 1257 3426 esse

246 3466 307 3537 Nil
326 3461 476 3553 moron)
494 3473 540 3538 en
560 3466 712 3563 supplex
730 3463 860 3540 venie:
890 3472 1061 3538 miserere
1081 3474 1249 3551 tuerum3
1388 3481 1444 3536 365

246 3580 348 3653 Pone
369 3586 528 3661 animes,
551 3587 588 3649 et
606 3579 732 3674 pulsus
751 3575 819 3648 abi.
880 3576 945 3650 Sat
963 3577 1091 3651 si'inera
1109 3576 1180 3651 fiisi

247 3690 428 3775 Vidimus,
446 3694 616 3786 ingentes
636 3699 672 3761 et
692 3688 932 3762 deselavimus
950 3699 1065 3786 agri'n.

245 3804 333 3887 Aut,
355 3802 383 3874 si
402 3801 499 3874 fama
516 3809 649 3889 movet,
670 3801 701 3873 si
720 3810 864 3873 tantuin
882 3812 1029 3897 pectore
1048 3803 1158 3875 rebur

249 3913 434 4009 Concipis,
456 3922 493 3985 et
513 3913 542 3985 si
560 3913 652 3984 adei‘i
673 3912 803 3984 detalis
821 3918 925 4006 regia
944 3913 1044 3985 cordi
1064 3924 1130 3999 est,

248 4022 368 4111 Ande,
389 4034 495 4120 atque
515 4024 706 4097 adversum
725 4023 845 4094 sidens
865 4022 918 4094 fer
935 4034 1063 4120 pectus
1083 4048 1123 4096 in
1142 4025 1298 4097 hostem.

250 4135 406 4224 Scilicet,
425 4146 467 4208 ut
486 4139 613 4209 Turne
632 4143 825 4229 contingat
843 4139 944 4229 regia
963 4159 1109 4230 conjux,

205 4331 207 4334 ¹
250 4247 339 4334 Nes
358 4272 494 4320 animae
511 4247 611 4331 vileS,
630 4245 825 4318 inhumata
843 4246 972 4319 infieta
991 4272 1060 4342 que
1081 4248 1198 4337 turba,

252 4359 466 4432 Sternamur
486 4358 629 4454 campis,
651 4368 688 4429 et
702 4382 779 4452 Jam
798 4360 851 4442 tii,
871 4359 898 4429 si
920 4384 993 4455 qua
1012 4352 1078 4430 tibi
1099 4359 1163 4443 vis

251 4469 289 4541 Si
309 4472 420 4567 patrii
440 4471 530 4566 quid
549 4470 683 4542 Martis
702 4469 826 4552 habeS,
847 4468 950 4542 illum
971 4495 1092 4568 aspice
1114 4478 1242 4542 contra

251 4582 326 4671 Qui
346 4583 489 4655 vocat.'’

255 4694 407 4767 Talibus
427 4703 561 4767 exarsit
580 4693 684 4766 dictis
706 4692 879 4764 violentia
898 4692 1037 4777 Turni;

254 4808 328 4878 Dat
347 4816 539 4903 gemitum,
559 4814 694 4904 rumpit
714 4830 782 4904 que
803 4803 868 4878 has
884 4803 957 4876 ime
975 4814 1125 4901 pectore
1144 4810 1268 4878 vaces:
