3675 5567
400 591 474 661 312
932 594 1083 659 vinciiii

399 798 619 892 Quaerenda,
640 809 703 872 aut
723 807 847 894 pacem
870 800 1030 894 Trojano
1042 798 1089 870 ab
1103 802 1190 894 rege
1207 797 1415 895 petendam.

399 909 541 986 Deficit
558 911 701 1008 ingenti
721 911 825 984 luctu
843 935 909 984 rex
927 933 1007 1008 ipse
1026 909 1193 983 Latinus.

400 1021 568 1094 Fatalem
587 1025 735 1096 AEnean
750 1021 942 1095 mamfesto
959 1025 1117 1094 mimine
1135 1020 1231 1107 ferri,

400 1133 585 1206 Admonet
603 1134 656 1206 ira
674 1133 796 1222 desim,
816 1133 947 1206 tumuli
966 1157 1037 1229 que
1057 1142 1144 1206 ante
1161 1143 1226 1207 ora
1243 1143 1423 1208 recentes.

402 1243 501 1341 Ergo
522 1245 722 1318 concilium
740 1269 927 1342 magnum,
947 1245 1081 1341 piimos
1098 1269 1169 1342 que
1188 1253 1337 1319 suorum

402 1355 559 1453 Imperio
577 1355 722 1448 accitos,
740 1360 816 1430 alta
832 1366 930 1430 intra
946 1356 1079 1429 linnna
1098 1364 1208 1452 cogit.

400 1468 473 1541 Olli
492 1473 706 1557 convenere,
727 1469 933 1568 fluuntque
952 1467 998 1540 ad
1017 1473 1118 1563 regia
1137 1468 1256 1564 plenis

402 1578 518 1651 Tecta
536 1580 611 1653 viis.
643 1580 754 1653 Sedet
771 1605 814 1653 in
833 1579 964 1652 mediis
981 1587 1019 1651 et
1035 1603 1221 1653 maximus
1240 1589 1318 1653 aevo

401 1693 449 1764 llt
467 1690 604 1788 primus
622 1691 783 1788 sceptiis,
803 1691 902 1764 haud
919 1690 1007 1763 laeta
1024 1689 1157 1778 fronte,
1177 1691 1339 1765 Latinus.

367 1830 369 1835 ·
400 1803 523 1897 Atque
541 1802 604 1875 hic
624 1803 763 1900 legatos
782 1803 909 1877 AEtola
927 1827 974 1875 ex
992 1803 1081 1875 urbe
1100 1812 1280 1890 remissos,

400 1914 494 2005 Quae
513 1913 683 1993 referant,
702 1913 769 1988 sari
784 1915 904 2011 Jubet,
925 1922 962 1986 et
980 1938 1155 2011 responsa
1172 1924 1331 2012 reposcit

401 2024 543 2097 Ordine
562 2035 693 2098 cuncta
709 2035 782 2101 suo.
814 2026 911 2098 Tum
931 2024 1028 2098 facta
1048 2025 1196 2098 silentia
1213 2026 1363 2124 linguis,

402 2135 453 2209 Et
471 2136 636 2210 Venulus
656 2137 754 2210 dicto
772 2147 903 2235 parens
922 2145 975 2210 ita
994 2135 1102 2210 farier
1119 2137 1240 2211 infit:

402 2246 627 2337 “Vidimus
650 2255 672 2320 ὸ
691 2249 797 2337 cives,
818 2248 1038 2321 Diomedem
1060 2249 1196 2346 Argiva
1214 2274 1283 2349 que
1302 2258 1434 2336 castra,

400 2359 521 2458 Atque
542 2368 614 2432 iter
632 2361 769 2434 emensi
787 2365 891 2434 castis
910 2371 1165 2457 superavimus
1185 2366 1324 2464 omnes,

398 2474 629 2569 Contigimus
646 2495 715 2568 que
735 2496 894 2558 manum,
915 2481 988 2570 qua
1005 2471 1171 2546 concidit
1189 2473 1257 2548 Ilia
1275 2473 1403 2546 tellus:

401 2582 469 2656 Ille
488 2584 616 2656 urbem
633 2584 863 2681 Argyripam,
882 2591 1011 2681 patinae
1030 2593 1252 2680 cognomine
1271 2593 1404 2681 gentis,

400 2693 526 2768 Victor
547 2695 707 2791 Gargani
727 2695 908 2768 condebat
927 2694 1073 2791 Iapygis
1091 2695 1194 2770 arvis.

400 2807 595 2904 Postquam
615 2806 837 2903 introgressi,
857 2816 895 2880 et
913 2813 1033 2878 coram
1053 2806 1139 2879 data
1157 2816 1266 2903 copia
1283 2807 1394 2895 fandi,

401 2917 559 2991 Munera
578 2916 815 3014 praeferimus‚
832 2927 967 2990 nomen
987 2927 1142 3014 patriam
1161 2943 1232 3014 que
1252 2919 1452 3006 docemus3

399 3030 471 3121 Qui
489 3028 625 3102 bellum
642 3030 853 3117 intulerint,
873 3055 955 3129 quae
973 3055 1082 3103 causa
1099 3038 1289 3103 attraxerit
1308 3032 1439 3128 Arpos.

401 3141 545 3215 Auditis
566 3140 628 3213 ille
648 3140 729 3215 haec
746 3141 892 3238 placido
911 3142 963 3214 sic
983 3141 1139 3215 reddidit
1157 3134 1244 3215 ore:

399 3239 462 3329 ‘O
481 3252 678 3325 fortunatae
695 3258 834 3350 gentes,
855 3252 1025 3327 Saturnia
1042 3277 1168 3350 regna,

401 3364 549 3463 Antiqui
569 3364 732 3449 Ausonii,
755 3389 839 3460 quae
854 3373 916 3438 vos
932 3363 1078 3438 fortuna
1095 3371 1237 3464 quietos

401 3475 597 3562 Sollicitat,
617 3476 829 3574 suadetque
847 3484 972 3573 ignota
989 3476 1170 3550 lacessere
1189 3477 1314 3551 bella?

399 3587 613 3686 Quicunque
633 3572 763 3660 lliacos
781 3587 875 3660 ferro
895 3588 1111 3661 violavimus
1131 3597 1246 3685 agros

397 3699 524 3787 (Mitto
545 3723 599 3782 aa,
619 3724 701 3796 quae
719 3699 832 3772 minis
849 3698 1016 3772 bellando
1035 3699 1211 3773 exhausta
1226 3700 1292 3774 sub
1311 3699 1404 3786 altis,

398 3813 499 3904 Quos
521 3811 651 3884 Simois
670 3822 812 3907 premat
830 3811 891 3884 ille
910 3810 1029 3903 viros)
1047 3811 1199 3885 infanda
1216 3836 1282 3909 pei
1299 3812 1426 3886 orbem

399 3922 599 4021 Supplicia,
619 3931 656 3995 et
675 3922 852 3995 scelerum
871 3933 997 4020 poeuas
1016 3924 1255 4020 expendimus
1275 3931 1412 4014 omnes,

399 4033 466 4106 Vel
489 4038 632 4107 Priamo
651 4034 855 4107 miseranda
872 4058 1013 4110 manus.
1072 4036 1149 4108 Scit
1167 4044 1270 4108 tiiste
1290 4035 1477 4112 Minervae

401 4146 520 4234 Sidus,
540 4155 576 4218 et
595 4146 765 4220 Euboicae
786 4152 924 4235 cauteS,
942 4147 1038 4220 ultor
1056 4171 1124 4245 que
1143 4146 1363 4244 Caphereus,

399 4256 535 4332 Militia
554 4282 602 4330 eii
621 4258 690 4330 illa
708 4259 889 4332 diversum
908 4258 954 4330 ad
974 4259 1074 4331 littus
1091 4258 1222 4343 adacti,

397 4370 541 4443 Atrides
562 4371 681 4442 Protei
703 4371 897 4444 Menelaus
916 4369 963 4442 ad
983 4393 1095 4464 usque
1116 4369 1305 4443 columnas

399 4481 554 4566 Exulat3
584 4482 745 4554 AEtnaeos
763 4481 853 4554 vidit
871 4480 1050 4578 Cyclopas
1070 4481 1231 4577 Ulysses.

398 4593 525 4696 Regna
543 4591 779 4689 Neoptolemi
798 4593 964 4678 referam,
983 4599 1104 4665 versos
1122 4617 1190 4688 que
1211 4596 1366 4667 Penates

399 4703 613 4780 ldomenei?
643 4704 778 4801 Libyco
798 4731 844 4778 ne
864 4704 1070 4777 habitantes
1089 4703 1210 4776 littore
1229 4705 1393 4781 Locros?

398 4813 480 4912 lpse
502 4816 713 4912 Mycenaeus
731 4825 946 4914 magnorum
967 4816 1097 4889 ductor
1115 4815 1297 4890 Achivum
