3675 5567
346 720 419 789 230
880 712 1028 787 vinoun

347 926 462 1000 Silvia
479 922 596 1022 piima
614 946 727 1010 soror,
747 921 878 1021 palmis
895 947 1069 1021 percussa
1086 914 1254 1017 lacertbs,¹

346 1036 541 1110 Auxilium
559 1041 678 1124 vocat,
698 1042 737 1107 et
755 1034 863 1107 duros
879 1033 1084 1110 conclamat
1102 1039 1275 1131 agrestes.

346 1148 438 1233 Olli,
457 1145 583 1244 (pestis
603 1168 715 1218 enim
732 1145 852 1219 tacitis
873 1144 965 1219 latet
984 1146 1112 1244 aspera
1130 1143 1255 1235 silvis)

347 1258 535 1358 Improvisi
554 1257 709 1344 adsunt3
737 1255 798 1328 hic
817 1265 916 1329 toric
935 1265 1095 1332 armatus
1112 1257 1255 1344 obusto,
1361 1329 1363 1333 .

348 1370 490 1468 Stipitis
508 1368 573 1441 hic
592 1367 734 1464 gravidi
753 1366 859 1439 nodis
877 1394 887 1455 ;
915 1367 1014 1465 quod
1032 1391 1168 1464 cuique
1185 1375 1375 1465 repertum

348 1479 521 1568 Rimanti,
539 1477 654 1552 telum
673 1477 727 1550 ira
744 1476 855 1550 facit:
884 1486 993 1551 vocat
1011 1502 1160 1574 agmina
1181 1477 1381 1576 TyrrbeuS,

347 1589 604 1686 Quadrifidam
623 1613 798 1685 quercum
817 1588 943 1661 cuneis
963 1597 1004 1661 ut
1022 1588 1116 1662 forte
1136 1590 1273 1663 coactis

348 1702 561 1786 Scindebat,
580 1709 685 1798 rapta
703 1699 842 1797 spirans
861 1709 1026 1773 immane
1045 1701 1174 1774 seci'iri.

402 1814 455 1886 At
473 1837 568 1887 saeva
587 1817 607 1884 ὁ
627 1810 780 1910 speculis
796 1819 940 1908 tempus
959 1811 1029 1884 dea
1045 1821 1155 1884 nacta
1174 1811 1344 1900 nocendi,

348 1924 476 1998 Ardua
492 1930 592 1997 tecta
609 1930 707 2020 petit
724 1921 868 2009 stabuli,
886 1929 924 1993 et
943 1920 989 1994 de
1007 1922 1165 1996 culmine
1185 1931 1328 1996 summo

349 2034 534 2109 Pastbrale
553 2043 656 2108 canit
674 2055 832 2131 signum,
850 2036 966 2106 cornu
985 2057 1053 2131 que
1073 2043 1224 2109 recurvo

349 2147 565 2222 Tartaream
582 2144 741 2218 intendit
758 2150 883 2217 vocem
899 2168 910 2232 3
938 2154 1009 2241 qua
1025 2153 1197 2241 protinus
1216 2169 1326 2219 omne

345 2261 585 2332 Contremuit
601 2279 744 2343 nemus,
764 2261 802 2327 et
821 2253 923 2329 silvae
940 2259 1133 2329 intonuere
1152 2255 1354 2354 profundae.

347 2367 481 2441 Audiit
498 2376 536 2440 et
554 2367 692 2441 Triviae
709 2365 820 2462 longe
840 2365 952 2454 lacus,
972 2364 1094 2441 audiit
1111 2390 1233 2440 amnis

347 2476 517 2553 Sulfiirea
533 2477 617 2552 Nar
633 2476 738 2551 albus
757 2485 863 2573 aqua,
881 2476 1003 2551 fontes
1022 2501 1093 2574 que
1113 2476 1237 2551 Velini
1252 2505 1264 2568 ;

347 2591 398 2663 Et
415 2588 570 2687 trepidae
588 2592 725 2662 matres
743 2593 907 2685 pressere
925 2587 973 2662 ad
991 2596 1142 2687 pectora
1160 2596 1276 2665 natos.

347 2702 448 2775 Tum
467 2703 554 2774 varo
573 2697 621 2772 ad
637 2706 764 2774 vocem
784 2700 932 2790 celeres,
950 2709 1021 2798 qua
1042 2700 1204 2774 buccina
1222 2724 1373 2800 signum

346 2810 441 2886 Dira
458 2811 569 2899 dedit,
588 2809 701 2909 raptis
720 2818 943 2884 concununt
960 2809 1119 2911 undique
1136 2810 1219 2885 telis

348 2922 528 2998 Indom1ti
545 2920 738 3019 agricolae3
766 2928 908 2994 necnon
928 2928 967 2995 et
987 2921 1097 2996 Troia
1113 2922 1230 3021 pubes

348 3033 507 3107 Ascanio
527 3032 712 3106 auxihum
731 3032 856 3107 castris
876 3031 1037 3108 effundit
1054 3033 1199 3131 apertis.

347 3145 525 3218 Direxere
544 3148 665 3217 acies:
694 3151 767 3216 non
782 3166 860 3240 Jain
880 3151 1082 3218 certamine
1100 3147 1246 3242 agresti,

349 3256 540 3353 Stip1t1bus
559 3254 658 3329 diiris
678 3263 810 3352 agitur,
831 3253 984 3328 sudibus
999 3280 1043 3329 ve
1061 3258 1253 3354 praeustis3

350 3367 423 3440 Sed
442 3366 536 3439 feiro
555 3366 707 3462 ancipiti
728 3366 944 3455 decernunt,
963 3374 1043 3440 atra
1061 3391 1130 3465 que
1148 3367 1221 3441 late

350 3477 542 3550 Horrescit
559 3477 697 3550 strictis
714 3501 818 3573 seges
838 3477 996 3562 ensibus,
1016 3503 1092 3551 aera
1109 3502 1178 3577 que
1195 3478 1339 3578 fulgent

350 3588 433 3662 Sole
453 3587 623 3661 lacessita
642 3597 680 3661 et
698 3587 819 3662 lucem
839 3588 906 3661 sub
925 3588 1051 3663 nubila
1064 3597 1228 3686 Jactant:

349 3699 499 3773 Fluctus
519 3698 574 3771 uti
591 3698 709 3797 primo
727 3708 840 3796 coepit
858 3724 970 3798 quum
990 3699 1173 3773 albescere
1192 3709 1313 3791 vento,

349 3809 536 3884 Paulatim
553 3814 639 3882 sese·
652 3808 752 3883 tollit
770 3833 883 3900 mare,
903 3819 941 3883 et
959 3811 1071 3884 altius
1090 3811 1207 3886 undas

347 3909 484 4018 Erigit,
502 3920 593 3993 inde
612 3920 685 3992 imo
703 3929 891 4017 consurgit
908 3921 954 3995 ad
973 3920 1112 3996 aethera
1128 3921 1252 3996 fundo.

351 4034 422 4106 Hic
435 4055 578 4129 Juvenis
597 4031 753 4129 primam
772 4039 858 4105 ante
877 4058 993 4107 aciem
1011 4033 1186 4107 stiidente
1205 4040 1353 4132 sagitta,

350 4144 533 4218 Natorum
554 4143 712 4240 Tyrrhei
729 4142 848 4218 suerat
866 4144 927 4242 qui
945 4167 1143 4233 maximus,
1162 4144 1271 4219 Almo

351 4255 558 4340 sternitum
591 4255 703 4328 haesit
721 4279 827 4328 enim
846 4253 913 4327 sub
932 4263 1078 4350 gutture
1095 4255 1236 4343 vulnuS,
1259 4265 1297 4330 et
1315 4257 1400 4333 udae

351 4366 460 4441 Vocis
477 4373 560 4454 iter,
578 4374 727 4439 tenuem
745 4389 817 4461 que
835 4365 985 4438 inclusit
1004 4389 1193 4462 sanguine
1211 4369 1334 4444 vitain.

350 4481 514 4575 Corpora
530 4477 648 4549 multa
669 4478 789 4550 virum
809 4485 925 4563 circa3
952 4499 1162 4576 seniorque
1181 4479 1354 4570 Galaesus,

351 4589 449 4662 Dum
468 4586 550 4683 paci
569 4588 733 4661 medium
752 4592 790 4660 se
812 4586 933 4677 offert,
948 4596 1175 4684 justissimus
1193 4594 1289 4665 unus

350 4697 424 4793 Qui
442 4697 531 4783 fuit,
552 4697 726 4772 Ausoniis
745 4723 815 4795 que
835 4698 929 4772 olim
949 4699 1154 4773 ditissimus
1172 4702 1287 4791 arvis;

349 4812 526 4904 Quinque
545 4812 674 4905 greges
693 4808 747 4882 illi
764 4809 968 4897 balantum,
989 4810 1100 4910 quina
1121 4811 1289 4887 redibant

351 4926 539 5009 Armenta,
559 4927 597 4992 et
615 4927 750 4995 terrani
769 4928 920 4998 centum
940 4921 1104 4997 vertebat
1121 4924 1263 4997 aratris.
