3675 5567
314 587 360 652 14
840 581 989 673 vrnerui

311 782 495 879 Aggressi,
514 780 616 870 (narn
634 807 731 882 saepe
752 807 864 856 senex
882 788 946 879 spe
967 804 1140 856 carnunrs
1160 781 1267 855 ambo

312 893 696 991 Luserat,)1njrcrunt
715 896 804 994 rpsis
823 921 870 969 ex
886 894 1036 968 vrncula
1055 893 1170 966 sertis.

310 1005 429 1080 Addrt
448 1012 486 1079 se
507 1030 659 1092 somam,
679 1006 821 1081 trmrdis
839 1031 909 1106 que
929 1013 1139 1103 supervenrt
1157 1003 1278 1100 AEgle,

311 1115 421 1214 AEgle
441 1118 630 1192 Niuadum
647 1118 905 1216 pulcherrrma,
921 1141 999 1215 Jam
1016 1140 1087 1214 que
1104 1116 1246 1191 vrdenti

314 1228 537 1325 Sangurneis
555 1229 714 1303 frontem
732 1229 842 1303 meris
862 1239 899 1303 et
918 1237 1085 1327 tempora
1106 1238 1232 1326 prngrt.

313 1339 384 1413 Ille
403 1340 529 1415 dolum
551 1341 686 1429 ridens,
707 1342 809 1435 ‘Qua
825 1341 971 1417 vrneula
989 1348 1135 1413 neetrtrs
1146 1339 1180 1413 Y'
1198 1347 1341 1438 lnqurt:

313 1450 473 1526 ‘Solvrte
492 1459 564 1541 me,
584 1453 708 1551 pueri:
738 1461 823 1527 satrs
843 1461 899 1526 est
916 1459 1082 1552 potursse
1098 1450 1224 1525 uderi.

312 1567 484 1638 Carmrna
501 1589 583 1662 quae
601 1564 725 1652 vultrs,
744 1573 978 1662 eognoscrte:
1008 1586 1169 1637 earmrna
1185 1562 1297 1653 vebis,

314 1675 415 1747 Hurc
435 1676 536 1751 ahud
554 1676 731 1751 mercedrs
748 1678 842 1751 ent'
898 1674 1014 1751 Srmul
1032 1684 1278 1773 1ncrprt1pse:

312 1788 410 1859 Tum
425 1793 511 1862 veru
529 1812 571 1861 rn
589 1812 780 1861 numerum
798 1787 927 1861 faunus
946 1811 1015 1886 que
1035 1785 1129 1860 feries
1147 1811 1217 1886 que
1235 1787 1376 1861 vrderes

313 1897 471 1988 Ludere,
490 1908 570 1971 tum
590 1898 723 1996 ngrdas
740 1907 878 1972 metare
898 1902 1088 1972 cacununa
1104 1902 1269 1996 querelis.

315 2011 397 2082 Nec
416 2019 560 2083 tantum
581 2009 721 2084 Phoebe
739 2009 874 2106 gaudet
894 2011 1085 2083 Parnassra
1105 2012 1227 2105 rupes,

314 2122 353 2193 N
355 2145 396 2193 ec
414 2129 558 2195 tanturn
577 2121 757 2219 Rhodope
776 2121 951 2195 mirantur
970 2129 1008 2194 et
1029 2121 1188 2194 Ismarus
1207 2120 1366 2219 Orphea.

316 2234 484 2331 Namque
505 2232 659 2306 canebat
677 2233 732 2306 uti
750 2257 923 2330 magnum
942 2257 1007 2331 per
1025 2241 1137 2306 rnane
1157 2241 1285 2306 coacta

315 2344 468 2417 Semrna
486 2353 664 2419 terrarum
682 2368 765 2444 que,
784 2368 921 2418 anrmae
938 2368 1020 2443 que,
1038 2367 1147 2416 mans
1166 2368 1235 2442 que
1254 2343 1422 2438 furssent,

313 2457 364 2528 Et
382 2454 634 2554 quurdLsrmul
652 2480 774 2553 rgn1s3
802 2465 844 2530 ut
862 2455 921 2529 his
939 2455 1090 2529 exordra
1107 2454 1232 2552 primis

314 2567 464 2657 Omma,
485 2575 522 2641 et
540 2591 616 2666 rpse
636 2577 741 2640 tener
759 2567 891 2641 mundi¹
906 2571 1128 2642 concreverrt
1145 2567 1265 2654 orb1s;

313 2678 411 2751 Tum
429 2678 559 2754 durare
578 2677 707 2764 solum,
727 2689 765 2752 et
784 2678 987 2754 drsclr'rdere
1009 2680 1135 2752 Nerea
1152 2685 1266 2776 ponte

314 2793 488 2888 Coeperrt,
509 2800 547 2864 et
564 2795 686 2865 rerum
705 2790 879 2889 paulatrm
896 2795 1040 2864 sr'unere
1060 2788 1206 2875 formas

314 2900 486 3001 Jamque
505 2926 639 2977 novum
655 2912 697 2977 ut
716 2912 824 2977 terrae
843 2910 1013 3000 stupeant
1030 2900 1214 2975 lucescere
1233 2901 1358 2988 selem,

316 3012 440 3087 Altrus
457 3021 564 3114 atque
584 3014 716 3089 cadant
733 3013 908 3089 submotis
927 3012 1083 3088 ntrbrbus
1101 3013 1259 3100 rmbres3

316 3125 498 3223 lncrprant
514 3124 614 3199 srlvae
631 3151 741 3224 quum
760 3126 917 3224 primum
935 3148 1094 3221 surgere,
1111 3149 1222 3225 quum
1240 3148 1310 3223 que

317 3235 414 3309 Rara
432 3261 497 3334 per
515 3245 657 3333 rgnetns
677 3246 800 3310 errent
819 3236 993 3310 ammana
1010 3242 1164 3310 montes.

317 3348 420 3421 Hrnc
440 3348 580 3446 laprdes
599 3347 751 3445 Pyrrhae
765 3355 894 3445 jactes,
914 3349 1088 3421 Saturnra
1106 3370 1230 3444 regna,

315 3464 508 3535 Caucasras
527 3484 596 3558 que
614 3458 726 3532 refert
743 3459 923 3546 volucres
941 3457 1077 3532 furtum
1096 3483 1165 3557 que
1186 3459 1397 3533 Promether

316 3570 386 3644 His
403 3570 580 3669 adjungat,
599 3570 726 3668 Hylan
746 3578 867 3644 nautae
884 3578 954 3669 que
971 3568 1072 3644 fonte
1091 3568 1258 3643 relrctum

316 3682 568 3770 Clamassent3
595 3689 637 3756 ut
653 3680 767 3770 huus,
788 3681 923 3779 ‘Hyla
946 3680 1070 3779 Hyla’
1088 3705 1196 3754 omne
1216 3690 1371 3755 sonaret.

315 3797 366 3868 ut
382 3793 617 3882 fortunatam,
637 3793 668 3866 si
686 3818 870 3892 nunquam
888 3801 1054 3866 armenta
1070 3792 1239 3881 furssent‚

319 3906 523 4007 Pasrphaen
542 3904 641 3979 nrvei
659 3904 798 3979 salietur
816 3913 938 3978 amare
951 3904 1108 4002 Juvenci.

320 4018 395 4108 Ah,
413 4042 513 4115 vrrgo
534 4016 678 4102 rnfelrx,
693 4042 775 4115 quae
794 4022 831 4089 te
851 4016 1036 4090 dementra
1055 4015 1180 4115 ceprt?

318 4130 497 4205 Proetrdes
516 4129 714 4230 rmplerunt
732 4126 829 4202 falsis
847 4127 1045 4225 mugitrbus
1064 4136 1191 4229 agrius

320 4244 371 4316 At
388 4250 461 4316 nun
480 4250 557 4315 tam
575 4244 699 4338 turpes
717 4238 898 4337 pecudum
915 4250 1039 4313 tamen
1056 4240 1131 4314 ulla
1149 4243 1276 4314 secuta
1295 4246 1350 4312 est

317 4353 554 4438 Concubrtr'rs,
575 4351 735 4451 quamvis
754 4350 847 4424 colle
865 4359 1046 4426 trmursset
1065 4360 1238 4437 aratrum,
1483 4379 1522 4431 50

318 4469 368 4540 Et
385 4489 483 4562 saepe
500 4488 544 4536 rn
561 4463 644 4537 laevi
662 4464 850 4564 quaesisset
870 4487 1006 4537 cernua
1023 4464 1155 4536 fronte.

321 4577 393 4669 Ah,
412 4600 513 4673 vrrgo
533 4573 675 4667 rnselrx,
694 4580 736 4649 tu
754 4599 851 4650 nunc
869 4600 912 4648 rn
931 4575 1117 4649 montrbus
1135 4583 1233 4647 erras
1250 4575 1258 4647 !

320 4688 399 4792 tlte,
417 4687 511 4761 latus
530 4710 673 4761 nrveum
691 4687 792 4760 molli
811 4687 925 4761 fultus
944 4687 1159 4783 hyaornthe,

321 4797 407 4874 Ilrce
428 4799 493 4874 sub
513 4810 616 4897 nrgra
635 4799 812 4898 pallentes
832 4804 997 4873 rumrnat
1015 4798 1159 4887 herbas,
