3675 5567
783 591 940 658 urbicos
958 610 989 658 ν.

287 795 490 871 Intendunt
507 798 690 897 Zephyri;
719 797 833 872 fertur
851 809 923 872 cita
939 806 1083 894 gurgite
1102 799 1247 887 classis3

286 910 337 982 nt
355 909 502 983 tandem
520 911 595 984 laeti
615 920 713 983 netae
732 911 969 984 advertuntur
988 916 1122 982 arenae.

340 1023 392 1093 At
408 1023 534 1119 procul
555 1024 696 1096 excelse
714 1023 865 1096 miratus
883 1032 1020 1096 vertice
1038 1033 1173 1096 montis
1450 1043 1488 1096 35

286 1132 496 1206 Adventum
517 1146 635 1208 socias
654 1160 723 1233 que
743 1143 839 1207 rates
858 1142 1015 1207 occurrit
1034 1135 1195 1223 Acestes

283 1243 466 1318 Horridus
486 1272 526 1318 in
542 1247 671 1343 Jaculis
692 1255 729 1318 et
746 1246 841 1343 pelle
862 1246 1061 1342 Libystidis
1079 1272 1185 1334 ursae,

285 1354 401 1427 Trera
418 1357 573 1430 Crimiso
593 1368 812 1455 conceptum
830 1357 989 1430 fli'imine
1008 1367 1125 1432 meter

286 1466 406 1556 Quem
425 1479 569 1563 genurt.
630 1471 806 1542 Veterum
825 1479 897 1540 non
917 1494 1113 1542 immemor
1131 1471 1191 1543 ille
1209 1478 1401 1567 parentum

285 1578 460 1652 Gretetur
478 1581 636 1669 reduces,
656 1591 693 1655 et
711 1592 802 1677 gaza
818 1583 927 1654 laetus
946 1583 1077 1677 agresti
1447 1599 1484 1652 40

283 1692 441 1786 Excipit,
461 1702 505 1765 ac
525 1692 634 1766 sesses
653 1695 778 1791 opibus
796 1692 932 1765 solatur
950 1692 1083 1765 amicis.

342 1803 492 1875 Postera
509 1830 621 1901 quum
638 1807 754 1902 prime
773 1804 899 1877 stellas
917 1812 1058 1876 oriente
1077 1803 1220 1899 fugerat

282 1912 393 1986 Clara
411 1915 499 2002 dies,
522 1925 641 1989 socies
659 1942 701 1989 in
720 1926 858 1990 coetum
877 1916 998 1988 littore
1017 1916 1062 1987 ab
1081 1917 1182 1989 omni

283 2023 449 2099 Advocat
469 2035 617 2115 AEneim,
638 2028 768 2103 tumuli
785 2053 854 2126 que
874 2052 921 2100 ex
940 2051 1071 2123 aggere
1089 2027 1208 2101 fatur:

283 2128 307 2162 “
321 2137 545 2212 Dardanidae
564 2141 700 2237 magni,
721 2164 837 2237 genus
857 2139 930 2212 alte
948 2149 971 2212 e
990 2164 1178 2236 sanguine
1196 2141 1330 2226 divilm,
1446 2146 1484 2210 45

282 2246 439 2322 Annuus
459 2253 595 2324 exactis
615 2252 820 2349 completur
839 2251 1027 2324 mensibus
1048 2253 1154 2341 orbis,

283 2357 342 2431 Ex
360 2369 431 2458 que
448 2362 641 2458 relliquias
660 2363 771 2436 divini
791 2389 859 2462 qne
881 2389 962 2437 ossa
982 2373 1141 2460 parentis

281 2472 518 2547 Cond1d1mus
541 2486 648 2563 terra,
670 2486 818 2549 maestes
836 2500 905 2574 que
925 2486 1150 2548 sacravimus
1169 2485 1260 2548 eres.

281 2583 454 2683 Jamque
475 2588 566 2673 dies,
587 2590 625 2659 nl
646 2584 769 2672 fallor,
791 2587 904 2672 adest,
926 2611 1035 2683 quem
1054 2611 1197 2682 semper
1216 2586 1399 2672 acerbum,

257 2730 262 2743 ·
283 2695 434 2792 Semper
453 2697 682 2788 honoratum,
702 2699 768 2786 (sic
788 2699 825 2770 dl
847 2697 1042 2785 voluistis)
1059 2697 1214 2769 habebo.

282 2808 391 2880 Hunc
410 2834 491 2905 eg0,
514 2811 671 2884 Gaetulis
691 2834 835 2906 agerem
856 2810 888 2882 si
909 2809 1079 2906 Syrtibus
1099 2809 1194 2895 exul,

280 2918 452 3016 Argolice
471 2947 515 2994 ve
535 2923 624 2994 mari
643 2923 854 3019 deprensus,
874 2930 911 2994 et
931 2921 1020 2994 urbe
1040 2921 1226 3017 Mycenae,

280 3035 415 3105 Annua
435 3042 517 3106 vota
535 3045 658 3107 tamen
679 3036 843 3107 selennes
862 3057 932 3131 que
953 3033 1087 3105 ordine
1107 3042 1258 3128 pompas

281 3141 521 3241 Exsequerer,
541 3156 716 3220 struerem
738 3171 807 3242 que
828 3146 899 3216 suis
919 3144 1049 3217 altaria
1067 3144 1180 3215 denis,

280 3255 392 3329 Nunc
413 3258 510 3330 ultre
529 3259 575 3330 ad
595 3264 737 3331 cineres
754 3251 869 3354 ipsius
890 3265 927 3328 et
947 3281 1028 3329 ossa
1046 3265 1219 3352 parentis

279 3366 392 3440 Haud
410 3369 581 3467 equidem
600 3394 684 3442 sine
703 3378 836 3456 mente,
858 3392 952 3461 reor,
973 3392 1054 3441 sine
1076 3371 1237 3439 numine
1258 3364 1380 3437 divilm

279 3479 477 3565 Adsumus,
498 3489 535 3553 et
555 3486 681 3578 portus
700 3482 812 3555 deleti
829 3490 1012 3553 intremus
1032 3481 1181 3552 amices

280 3591 380 3687 Ergo
399 3600 508 3688 agite,
528 3603 565 3665 et
584 3593 710 3666 laetum
731 3594 851 3667 cuncti
872 3593 1097 3665 celebremus
1115 3590 1315 3674 honerem3

280 3704 478 3776 Poscemus
494 3714 629 3793 ventes,
650 3713 757 3805 atque
777 3706 855 3778 baec
873 3711 933 3776 me
952 3730 1053 3778 sacra
1071 3703 1264 3803 quotannis

280 3813 380 3886 Urbe
399 3815 489 3887 velit
508 3826 630 3913 posita
650 3819 794 3915 templis
814 3818 888 3891 sibi
905 3817 999 3889 ferre
1019 3815 1159 3889 dicetis.
1443 3829 1482 3883 60

280 3924 373 3996 Bina
391 3927 502 4000 boum
521 3929 619 4000 vebis
641 3930 752 4025 Treje
769 3938 963 4025 generatus
982 3931 1132 4000 Acestes

277 4038 355 4109 Dat
373 4047 525 4111 numere
544 4051 665 4137 capita
683 4065 725 4112 in
746 4049 876 4114 naves:
906 4039 1079 4113 adhlbete
1101 4039 1258 4110 Penates

278 4148 329 4218 Et
348 4158 483 4245 patrios
502 4150 632 4249 epulis,
652 4161 689 4224 et
708 4161 795 4248 ques
813 4153 901 4227 colit
920 4153 1053 4247 hospes
1074 4152 1235 4232 Acestes.

280 4260 463 4334 Praeterea
481 4261 508 4334 si
528 4270 625 4334 nona
644 4264 740 4335 diem
759 4265 971 4337 mortalibus
989 4261 1126 4334 almum

278 4373 422 4445 Aurbra
441 4374 622 4461 extulerit,
641 4374 837 4470 radiisque
857 4385 1030 4447 retexerit
1050 4373 1187 4452 orbem,

281 4483 403 4556 Prima
423 4495 504 4557 citae
525 4487 677 4568 Teucris
694 4494 825 4583 penam
845 4496 1053 4559 certamina
1072 4483 1221 4566 class1s3

276 4594 436 4693 Quique
456 4599 589 4694 pedum
610 4602 717 4672 cursu
736 4598 841 4685 valet,
862 4608 899 4670 et
918 4596 979 4696 qui
997 4595 1133 4669 vir1bus
1153 4592 1283 4679 audax,

278 4713 357 4780 Aut
371 4711 497 4804 Jacule
515 4712 662 4784 incedit
682 4710 822 4797 mehor,
839 4711 982 4783 levibus
1002 4732 1073 4806 que
1093 4705 1245 4803 sagittis,

277 4817 352 4891 Seu
371 4821 484 4893 crude
500 4820 590 4895 fidit
609 4847 767 4919 pugnam
791 4830 1026 4895 committere
1047 4823 1185 4904 caestu;

1265 4941 1283 4987 n
